@incollection{lubarsky93-intuitionistic-l,
  author    = "Lubarsky, Robert S.",
  title     = "Intuitionistic {L}",
  editor    = "Crossley, John N. and Remmel, Jeffrey B. and Shore, Richard A. and Sweedler, Moss E.",
  booktitle = "Logical Methods: In Honor of {Anil Nerode}'s Sixtieth Birthday",
  year      = "1993",
  publisher = "Birkh{\"a}user Boston",
  pages     = "555--571",
  doi       = "10.1007/978-1-4612-0325-4_18",
}

@article{rathjen20-power-kp-choice,
  author  = "Rathjen, Michael",
  title   = "Power {Kripke}--{Platek} set theory and the axiom of choice",
  journal = "Journal of Logic and Computation",
  volume  = "30",
  number  = "1",
  year    = "2020",
  pages   = "447--457",
  doi     = "10.1093/logcom/exaa020",
}

@article{matthews-rathjen24-constructible-universe,
  author    = "Matthews, Richard and Rathjen, Michael",
  title     = "Constructing the constructible universe constructively",
  journal   = "Annals of Pure and Applied Logic",
  volume    = "175",
  number    = "3",
  year      = "2024",
  pages     = "103392",
  publisher = "Elsevier",
  doi       = "10.1016/j.apal.2023.103392",
}