@preamble{ {\providecommand{\noopsort}[1]{}} }

@string{lvd-dries = "{\noopsort{Dries}}van den Dries, Lou P."}
@string{dv-dalen = "{\noopsort{Dalen}}van Dalen, Dirk"}

@string{springer-mono = "{Springer} Monographs in Mathematics"}

@string{jsl="The Journal of Symbolic Logic"}
@string{bsl="Bulletin of Symbolic Logic"}

@string{apal="Annals of Pure and Applied Logic"}

@string{ml-arch="Archive for Mathematical Logic"}

@string{ndjfl="{Notre Dame} Journal of Formal Logic"}

@string{ams = "{American Mathematical Society}"}
@string{ams-bulletin = "Bulletin of the " # ams}
@string{ams-bulletin-ns = ams-bulletin # " (New Series)"}
@string{ams-journal =  "Journal of the " # ams}
@string{ams-notices = "Notices of the " # ams}
@string{ams-proc = "Proceedings of the " # ams}
@string{ams-transac = "Transactions of the " # ams}

@string{lms = "{London Mathematical Society}"}
@string{lms-journal = "Journal of the " # lms}
@string{lms-proc = "Proceedings of the " # lms}
@string{lms-lecture = lms # " Lecture Note Series"}

@string{usa-nas-proc = "Proceedings of the {National Academy of Sciences} of the {United States of America}"}

@string{acm = "{Association for Computing Machinery}"}

-- references --

@article{abramson-sacks76-gandy-ordinals,
  author  = "Abramson, Fred Gilbert and Sacks, Gerald Enoch",
  title   = "Uncountable {Gandy} Ordinals",
  journal = lms-journal,
  volume  = "s2-14",
  number  = "3",
  year    = "1976",
  pages   = "387--392",
  doi     = "10.1112/jlms/s2-14.3.387",
}

@inproceedings{aczel77-martin-lof,
  author   = "Aczel, Peter",
  title    = "The strength of {Martin-L\"of}'s intuitionistic type theory with one universe",
  crossref = "oulo74-helsinki75",
  pages    = "1--32",
}

@incollection{aczel-hinman74-superjump,
  author   = "Aczel, Peter and Hinman, Peter Greayer",
  title    = "Recursion in the Superjump",
  pages    = "3--41",
  crossref = "recursion-theory-oslo72",
  doi      = "10.1016/S0049-237X(08)70579-2",
}

@unpublished{aczel-rathjen10-cst-book,
  author = "Aczel, Peter and Rathjen, Michael",
  title  = "{CST} Book draft",
  year   = "2010",
  url    = "https://www1.maths.leeds.ac.uk/~rathjen/book.pdf",
}

@incollection{aczel-richter72-ordinals,
  author   = "Aczel, Peter
              and Richter, Wayne",
  title    = "Inductive definitions and analogues of large cardinals",
  crossref = "london70",
  pages    = "1--9",
  doi      = "10.1007/bfb0059534",
}

@article{afshari-rathjen10-positive-induction,
  author  = "Afshari, Bahareh and Rathjen, Michael",
  title   = "A note on the theory of positive induction, {${\rm ID}^*_1$}",
  journal = ml-arch,
  volume  = "49",
  number  = "2",
  year    = "2010",
  pages   = "275-281",
  doi     = "10.1007/s00153-009-0168-9",
}

@article{aguilera-freund-rathjen-weiermann22-boundedness-flowers-and-sharps,
  author    = "Aguilera, Juan Pablo and Freund, Anton and Rathjen, Michael and Weiermann, Andreas",
  title     = "Boundedness theorems for flowers and sharps",
  journal   = ams-proc,
  volume    = "150",
  number    = "9",
  year      = "2022",
  pages     = "3973--3988",
  publisher = ams,
  doi       = "10.1090/proc/15859",
}

@article{arai03-ordinals,
  author    = "Arai, Toshiyasu",
  title     = "Proof theory for theories of ordinals--{I}: recursively {Mahlo} ordinals",
  journal   = apal,
  volume    = "122",
  number    = "1--3",
  year      = "2003",
  pages     = "1--85",
  publisher = "Elsevier",
  doi       = "10.1016/s0168-0072(03)00020-4",
}

@book{arai20-oa,
  author    = "Arai, Toshiyasu",
  title     = "Ordinal Analysis with an Introduction to Proof Theory",
  year      = "2020",
  series    = "Logic in Asia: Studia Logica Library",
  publisher = "Springer Singapore",
  doi       = "10.1007/978-981-15-6459-8",
}

@article{artemov01-explicit-provability,
  author    = "Artemov, Sergei N.",
  title     = "Explicit Provability and Constructive Semantics",
  journal   = bsl,
  volume    = "7",
  number    = "1",
  year      = "2001",
  pages     = "1--36",
  publisher = "Cambridge University Press",
  doi       = "10.2307/2687821",
}

@article{artemov20-con-provability,
  author    = "Artemov, Sergei N.",
  title     = "The Provability of Consistency",
  year      = "2020",
  publisher = "arXiv",
  eprint    = "arXiv:1902.07404 [math.LO]",
}

@book{ash-knight00-computable-structures,
  author    = "Ash, Christopher J. and Knight, Julia Frandsen",
  title     = "Computable Structures and the Hyperarithmetical Hierarchy",
  year      = "2000",
  series    = "Studies in Logic and the Foundations of Mathematics",
  publisher = "Elsevier",
}

@book{atiyah-macdonald69-commutative-algebra,
  author    = "Atiyah, Michael Francis and Macdonald, Ian Grant",
  title     = "Introduction to commutative algebra",
  year      = "1969",
  series    = "Addison--Wesley Series in Mathematics",
  publisher = "Westview Press",
}

@incollection{avigad02-oa-without-proofs,
  author   = "Avigad, Jeremy",
  title    = "Ordinal analysis without proofs",
  crossref = "reflections-feferman02",
  pages    = "1--36",
}

@article{avigad02-oa-kp,
  author  = "Avigad, Jeremy",
  title   = "An ordinal analysis of admissible set theory using recursion on ordinal notations",
  journal = "Journal of Mathematical Logic",
  volume  = "2",
  number  = "1",
  year    = "2002",
  pages   = "91--112",
  doi     = "10.1142/s0219061302000126",
}

@article{avron24-predicativity,
  author    = "Avron, Arnon",
  title     = "{Poincar\'e}--{Weyl}'S predicativity: Going beyond {$\Gamma_0$}",
  journal   = bsl,
  volume    = "30",
  number    = "1",
  year      = "2024",
  pages     = "41--91",
  publisher = "Cambridge University Press",
  doi       = "10.1017/bsl.2024.2",
}

@incollection{bagaria06-omega-logic,
  author   = "Bagaria, Joan and Castells, Neus and Larson, Paul",
  title    = "An {$\Omega$}-logic Primer",
  crossref = "barcelona-set-theory03-04",
  pages    = "1--28",
  doi      = "10.1007/3-7643-7692-9_1",
}

@article{bagaria-koellner-woodin19-choiceless-large-cardinals,
  author    = "Bagaria, Joan and Koellner, Peter and Woodin, William Hugh",
  title     = "Large Cardinals Beyond Choice",
  journal   = bsl,
  volume    = "25",
  number    = "3",
  year      = "2019",
  pages     = "283--318",
  publisher = "Cambridge University Press",
  doi       = "10.1017/bsl.2019.28",
}

@book{baki14-badiou,
  author    = "Baki, Burhanuddin",
  title     = "{Badiou}'s {Being and Event} and the Mathematics of Set Theory",
  year      = "2014",
  publisher = "Bloomsbury Publishing",
}

@article{barnes-goh-shore22-tha-atha,
  author    = "Barnes, James S. and Goh, Jun Le and Shore, Richard Arnold",
  title     = "Theorems of hyperarithmetic analysis and almost theorems of hyperarithmetic analysis",
  journal   = bsl,
  volume    = "28",
  number    = "1",
  year      = "2022",
  pages     = "133--149",
  publisher = "Cambridge University Press",
  doi       = "10.1017/bsl.2021.70",
}

@unpublished{barton20-large-cardinals-restrictive,
  author = "Barton, Neil",
  title  = "Are Large Cardinal Axioms Restrictive?",
  year   = "2020",
  url    = "https://philarchive.org/rec/BARALC-5",
}

@book{barwise76-admissible-sets,
  author    = "Barwise, Jon",
  title     = "Admissible Sets and Structures: An Approach to Definability Theory",
  year      = "1976",
  series    = "Perspectives in mathematical logic",
  publisher = "Springer",
}

@incollection{baumgartner75-ineffability,
  author   = "Baumgartner, James Earl",
  title    = "Ineffability Properties of Cardinals {I}",
  crossref = "sets75",
  pages    = "109--130",
}

@inproceedings{baumgartner77-ineffability,
  author   = "Baumgartner, James Earl",
  title    = "Ineffability Properties of Cardinals {II}",
  crossref = "logic77",
  pages    = "87--106",
  doi      = "10.1007/978-94-010-1138-9_5",
}

@article{beckman-quarles53-tarski-seidenberg,
  author    = "Beckman, Frank S. and Quarles, Jr., Donald Aubrey",
  title     = "On isometries of {Euclidean} spaces",
  journal   = ams-proc,
  volume    = "4",
  number    = "5",
  year      = "1953",
  pages     = "810--815",
  publisher = ams,
  doi       = "10.1090/s0002-9939-1953-0058193-5",
}

@book{beeson85-constructive-maths,
  author    = "Beeson, Michael James",
  title     = "Foundations of Constructive Mathematics",
  year      = "1985",
  series    = "Ergebnisse der Mathematik und ihrer Grenzgebiete.\ 3.\ Folge",
  publisher = "Springer Berlin, Heidelberg",
  doi       = "10.1007/978-3-642-68952-9",
}

@book{beller-jensen-welch82-universe,
  author    = "Beller, Aaron and Jensen, Ronald Bj{\"o}rn and Welch, Philip David",
  title     = "Coding the Universe",
  year      = "1982",
  series    = lms-lecture,
  publisher = "Cambridge University Press",
  doi       = "10.1017/cbo9780511629198",
}

@article{berardi-bezem-coquand98-axiom-of-choice,
  author    = "Berardi, Stefano and Bezem, Marc and Coquand, Thierry",
  title     = "On the computational content of the axiom of choice",
  journal   = jsl,
  volume    = "63",
  number    = "2",
  year      = "1998",
  pages     = "600--622",
  publisher = "Cambridge University Press",
  doi       = "10.2307/2586854",
}

@article{betarte00-type-checking-subtyping,
  author    = "Betarte, Gustavo",
  title     = "Type checking dependent (record) types and subtyping",
  journal   = "Journal of Functional Programming",
  volume    = "10",
  number    = "2",
  year      = "2000",
  pages     = "137--166",
  publisher = "Cambridge University Press",
  doi       = "10.1017/s0956796899003627",
}

@book{bocklandt21-homological-mirror-symmetry,
  author    = "Bocklandt, Raf",
  title     = "A Gentle Introduction to Homological Mirror Symmetry",
  year      = "2021",
  series    = lms # " Student Texts",
  publisher = "Cambridge University Press",
  doi       = "10.1017/9781108692458",
}

@article{bozic-dosen84-normal-intuitionistic-modal-logics,
  author  = "Bo\v{z}i\'c, Milan and Do\v{s}en, Kosta",
  title   = "Models for normal intuitionistic modal logics",
  journal = "Studia Logica: An International Journal for Symbolic Logic",
  volume  = "43",
  number  = "3",
  year    = "1984",
  pages   = "217--245",
  doi     = "10.1007/bf02429840",
}

@article{brunner83-choice-in-topology,
  author    = "Brunner, Norbert",
  title     = "The axiom of choice in topology",
  journal   = ndjfl,
  volume    = "24",
  number    = "3",
  year      = "1983",
  pages     = "305--317",
  publisher = "Duke University Press",
  url       = "10.1305/ndjfl/1093870373",
}

@article{buchholz-pohlers78-iterated-id,
  author    = "Buchholz, Wilfried and Pohlers, Wolfram",
  title     = "Provable wellorderings of formal theories for transfinitely iterated inductive definitions",
  journal   = jsl,
  volume    = "43",
  number    = "1",
  year      = "1978",
  pages     = "118--125",
  publisher = "Cambridge University Press",
  doi       = "10.2307/2271954",
}

@article{burr98-kp-omega,
  author  = "Burr, Wolfgang and Hartung, Volker",
  title   = "A characterization of the {$\Sigma_1$}-definable functions of {$KP\omega + (uniform\; AC)$}",
  journal = ml-arch,
  volume  = "37",
  number  = "3",
  year    = "1998",
  pages   = "199--214",
  doi     = "10.1007/s001530050092",
}

@article{burr00-kp-omega-diller-nahm,
  author  = "Burr, Wolfgang",
  title   = "A {Diller}--{Nahm}-style functional interpretation of {$\hbox{\sf KP} \omega$}",
  journal = ml-arch,
  volume  = "39",
  number  = "8",
  year    = "2000",
  pages   = "599--604",
  doi     = "10.1007/s001530050167",
}

@article{carette-heunen-kaarsgaard-sabry24-quantum-computing,
  author    = "Carette, Jacques and Heunen, Chris and Kaarsgaard, Robin and Sabry, Amr",
  title     = "With a Few Square Roots, Quantum Computing Is as Easy as {Pi}",
  journal   = "Proceedings of the {ACM} on Programming Languages",
  volume    = "8",
  number    = "POPL",
  year      = "2024",
  pages     = "546--574",
  publisher = acm,
  doi       = "10.1145/3632861",
}

@article{carlson01-patterns-of-resemblance,
  author    = "Carlson, Timothy John",
  title     = "Elementary patterns of resemblance",
  journal   = apal,
  volume    = "108",
  number    = "1",
  year      = "2001",
  pages     = "19--77",
  publisher = "Elsevier",
  doi       = "10.1016/s0168-0072(00)00040-3",
}

@book{carnap35-logical-syntax,
  author    = "Carnap, Rudolf",
  title     = "Philosophy and Logical Syntax",
  year      = "1935",
  series    = "Psyche miniatures: General series",
  publisher = "Kegan Paul, Trench, Tr{\"u}bner",
}

@book{carnap37-logical-syntax,
  author     = "Carnap, Rudolf",
  translator = "Smeaton, Amethe",
  title      = "The logical syntax of language",
  year       = "1937",
  publisher  = "Kegan Paul, Trench, Tr{\"u}bner",
}

@article{carnap50-empiricism,
  author  = "Carnap, Rudolf",
  title   = "Empiricism, Semantics, and Ontology",
  journal = "Revue Internationale de Philosophie",
  volume  = "4",
  number  = "11",
  year    = "1950",
  pages   = "20--40",
}

@phdthesis{chen-rm10-intuitionistics-set-theory,
  author = "Chen, Ray-Ming",
  title  = "Independence and conservativity results for intuitionistic set theory",
  year   = "2010",
  school = "University of Leeds",
}

@inproceedings{chlipala08-parametric-hoas,
  author   = "Chlipala, Adam",
  title    = "Parametric Higher-Order Abstract Syntax for Mechanized Semantics",
  crossref = "acm-icfp08",
  pages    = "143--156",
  doi      = "10.1145/1411204.1411226",
}

@article{chow19-con-arithmetic,
  title   = "The Consistency of Arithmetic",
  author  = "Chow, Timothy Yi-Chung",
  year    = "2019",
  journal = "The Mathematical Intelligencer",
  volume  = "41",
  number  = "1",
  pages   = "22--30",
  doi     = "10.1007/s00283-018-9837-z",
}

@phdthesis{cockx17-dependent-pattern-matching,
  author = "Cockx, Jesper",
  title  = "Dependent Pattern Matching and Proof-Relevant Unification",
  year   = "2017",
  school = "Katholieke Universiteit Leuven",
}

@article{cohen63-ch,
  author  = "Cohen, Paul Joseph",
  title   = "The Independence of the Continuum Hypothesis",
  journal = usa-nas-proc,
  volume  = "50",
  number  = "6",
  year    = "1963",
  pages   = "1143--1148",
}

@article{cohen64-ch-2,
  author  = "Cohen, Paul Joseph",
  title   = "The Independence of the Continuum Hypothesis, {II}",
  journal = usa-nas-proc,
  volume  = "51",
  number  = "1",
  year    = "1964",
  pages   = "105--110",
}

@inproceedings{cohen-miquey-tate21-evidenced-frames,
  author   = "Cohen, Liron and Miquey, \'Etienne and Tate, Ross",
  title    = "Evidenced Frames: A Unifying Framework Broadening Realizability Models",
  crossref = "lics21",
  doi      = "10.1109/lics52264.2021.9470514",
  note     = "Article No.: 32",
}

@phdthesis{conceicao04-thesis,
  author = "{\noopsort{Concei\c{c}\~ao}}da Concei\c{c}\~ao, Gon\c{c}alo Gutierres",
  title  = "The Axiom of Countable Choice in Topology",
  year   = "2004",
  school = "University of Coimbra",
}

@phdthesis{cook15-thesis,
  author = "Cook, Jacob",
  title  = "Ordinal Analysis of Set Theories; Relativised and Intuitionistic",
  year   = "2015",
  school = "University of Leeds",
}

@incollection{cook-rathjen16-ikp-power-exp,
  author   = "Cook, Jacob and Rathjen, Michael",
  title    = "Ordinal Analysis of Intuitionistic Power and Exponentiation {Kripke} {Platek} Set Theory",
  crossref = "proof-theory16",
  pages    = "79--172",
  doi      = "10.1007/978-3-319-29198-7_4",
}

@article{coquand95-semantics-of-evidence,
  author    = "Coquand, Thierry",
  title     = "A semantics of evidence for classical arithmetic",
  journal   = jsl,
  volume    = "60",
  number    = "1",
  year      = "1995",
  pages     = "325--337",
  publisher = "Cambridge University Press",
  doi       = "10.2307/2275524",
}

@article{corazza06-elementary-embeddings,
  author    = "Corazza, Paul",
  title     = "The spectrum of elementary embeddings {$j : V \to V$}",
  journal   = apal,
  volume    = "139",
  number    = "1",
  year      = "2006",
  pages     = "327--399",
  publisher = "Elsevier",
  doi       = "10.1016/j.apal.2005.06.014",
}

@incollection{cummings10-iterated-forcing,
  author   = "Cummings, James",
  title    = "Iterated Forcing and Elementary Embeddings",
  crossref = "set-theory10",
  pages    = "775--883",
  doi      = "10.1007/978-1-4020-5764-9_13",
}

@article{daquino96-pell-equations,
  author    = "D'Aquino, Paola",
  title     = "{Pell} equations and exponentiation in fragments of arithmetic",
  journal   = apal,
  volume    = "77",
  number    = "1",
  year      = "1996",
  pages     = "1--34",
  publisher = "Elsevier",
  doi       = "10.1016/0168-0072(95)00018-6",
}

@article{denef-dries88-subanalytic-sets,
  author  = "Denef, Jan and " # lvd-dries,
  title   = "{p}-adic and Real Subanalytic Sets",
  journal = "Annals of Mathematics, Second Series",
  volume  = "128",
  number  = "1",
  year    = "1988",
  pages   = "79--138",
  doi     = "10.2307/1971463",
}

@article{de-pierris88-frege-kant,
  author    = "De Pierris, Graciela",
  title     = "{Frege} and {Kant} on a Priori Knowledge",
  journal   = "Synthese",
  volume    = "77",
  number    = "3",
  year      = "1988",
  pages     = "285--319",
  publisher = "Springer",
}

@book{devlin17-constructibility,
  author    = "Devlin, Keith J.",
  title     = "Constructibility",
  year      = "2017",
  series    = "Perspectives in Logic",
  publisher = "Cambridge University Press",
  doi       = "10.1017/9781316717219",
}

@inproceedings{devriese-piessens11-agda-instance-arguments,
  author   = "Devriese, Dominique and Piessens, Frank",
  title    = "On the bright side of type classes: instance arguments in {Agda}",
  crossref = "acm-icfp11",
  pages    = "143--155",
  doi      = "10.1145/2034773.2034796",
}

@article{diller08-functional-interpretation-cst,
  author  = "Diller, Justus",
  title   = "Functional Interpretations of Constructive Set Theory in All Finite Types",
  journal = "Dialectica",
  volume  = "62",
  number  = "2",
  year    = "2008",
  pages   = "149--177",
  doi     = "10.1111/j.1746-8361.2008.01133.x",
}

@incollection{diller10-functional-interpretation,
  author   = "Diller, Justus",
  title    = "Functional Interpretations of Classical Systems",
  crossref = "proof-theory10",
  pages    = "241--256",
  doi      = "10.1515/9783110324907.241",
}

@incollection{diller12-functional-interpretation-set-theory,
  author   = "Diller, Justus",
  title    = "Functional Interpretations of Classical and Constructive Set Theory",
  crossref = "logic12",
  pages    = "137--156",
  doi      = "10.1515/9783110324921.137",
}

@book{diller20-functional-interpretations,
  author    = "Diller, Justus",
  title     = "Functional interpretations: From the {Dialectica} Interpretation to Functional Interpretations of Analysis and Set Theory",
  year      = "2020",
  publisher = "World Scientific Publishing Co.\ Pte.\ Ltd.",
}

@article{dosen84-intuitionistic-double-negation,
  author  = "Do\v{s}en, Kosta",
  title   = "Intuitionistic double negation as a necessity operator",
  journal = "Publications de l'Institut Math\'ematique. Nouvelle S\'erie",
  volume  = "35(49)",
  year    = "1984",
  pages   = "15--20",
}

@article{dosen84-negative-modal-operators,
  author  = "Do\v{s}en, Kosta",
  title   = "Negative modal operators in intuitionistic logic",
  journal = "Publications de l'Institut Math\'ematique. Nouvelle S\'erie",
  volume  = "35(49)",
  year    = "1984",
  pages   = "3--14",
}

@book{drake74-set-theory,
  author    = "Drake, Frank Robert",
  title     = "Set Theory: An Introduction to Large Cardinals",
  year      = "1974",
  series    = "Studies in Logic and the Foundations of Mathematics",
  publisher = "North-Holland",
}

@article{dries86-tarski-seidenberg,
  author    = lvd-dries,
  title     = "A generalization of the {Tarski}--{Seidenberg} theorem, and some nondefinability results",
  journal   = ams-bulletin-ns,
  volume    = "15",
  number    = "2",
  year      = "1986",
  pages     = "189--193",
  publisher = ams,
  doi       = "10.1090/s0273-0979-1986-15468-6",
}

@book{dries98-o-minimal-topology,
  author    = lvd-dries,
  title     = "Tame Topology and O-minimal Structures",
  year      = "1998",
  series    = lms-lecture,
  publisher = "Cambridge University Press",
  doi       = "10.1017/cbo9780511525919",
}

@article{dries-miller94-real-analytic-exp,
  author  = lvd-dries # " and Miller, Christopher Lee",
  title   = "On the real exponential field with restricted analytic functions",
  journal = "{Israel} Journal of Mathematics",
  volume  = "85",
  number  = "1",
  year    = "1994",
  pages   = "19--56",
  doi     = "10.1007/bf02758635",
}

@inproceedings{edmundo05-o-minimal-homology,
  author   = "Edmundo, M\'ario Jorge",
  title    = "O-minimal (co)homology and applications",
  crossref = "lisbon-o-minimal03",
  pages    = "37--57",
}

@article{edmundo-woerheide08-o-minimal-singular-homology,
  author    = "Edmundo, M\'ario Jorge and Woerheide, Arthur",
  title     = "Comparison Theorems for o-Minimal Singular (Co)homology",
  journal   = ams-transac,
  volume    = "360",
  number    = "9",
  year      = "2008",
  pages     = "4889--4912",
  publisher = ams,
}

@article{ehrenfeucht-mycielski71-abbr-proofs,
  author    = "Ehrenfeucht, Andrzej and Mycielski, Jan",
  title     = "Abbreviating proofs by adding new axioms",
  journal   = ams-bulletin,
  volume    = "77",
  number    = "3",
  year      = "1971",
  pages     = "366--367",
  publisher = ams,
}

@inproceedings{eilenberg-kelly65-closed-categories,
  author   = "Eilenberg, Samuel and Kelly, Gregory Maxwell",
  title    = "Closed Categories",
  crossref = "categorical-algebra66",
  pages    = "421--562",
  doi      = "10.1007/978-3-642-99902-4_22",
}

@article{eklof73-lefschetz-principle,
  author    = "Eklof, Paul C.",
  title     = "{Lefschetz}'s principle and local functors",
  journal   = ams-proc,
  volume    = "37",
  number    = "2",
  year      = "1973",
  pages     = "333--339",
  publisher = ams,
  doi       = "10.1090/s0002-9939-1973-0325389-7",
}

@incollection{eklund09-carnap,
  author   = "Eklund, Matti",
  title    = "{Carnap} and ontological pluralism",
  crossref = "metametaphysics09",
  pages    = "130--156",
}

@article{erdos-hajnal66-jonsson,
  author  = "Erd\H{o}s, Paul and Hajnal, Andras",
  title   = "On a problem of {B.\ J\'osson}",
  journal = "Bulletin de {l'Acad\'emie Polonaise des Sciences}: S\'erie des Sciences Math\'ematiques, Astronomiques et Physiques",
  volume  = "14",
  year    = "1966",
  pages   = "19--23",
}

@article{erdos-rado56-partition-calculus,
  author    = "Erd\H{o}s, Paul and Rado, Richard",
  title     = "A partition calculus in set theory",
  journal   = ams-bulletin,
  volume    = "62",
  number    = "5",
  year      = "1956",
  pages     = "427--489",
  publisher = ams,
}

@inproceedings{feferman75-em,
  author   = "Feferman, Solomon",
  title    = "A language and axioms for explicit mathematics",
  crossref = "algebra-logic75",
  pages    = "87--139",
  doi      = "10.1007/bfb0062852",
}

@incollection{feferman78-predicativity,
  author   = "Feferman, Solomon",
  title    = "A more perspicuous formal system for predicativity",
  crossref = "konstruktionen-positionen78",
  pages    = "68--93",
  doi      = "10.1515/9783110875560-008",
}

@incollection{feferman81-em-analysis,
  author   = "Feferman, Solomon and Sieg, Wilfried",
  title    = "Proof theoretic equivalences between classical and constructive theories for analysis",
  crossref = "id-proof-theory81",
  pages    = "78--142",
  doi      = "10.1007/bfb0091896",
}

@inproceedings{feferman84-em,
  author   = "Feferman, Solomon",
  title    = "Between constructive and classical mathematics",
  crossref = "computation-proof-theory84",
  pages    = "143--162",
  doi      = "10.1007/bfb0099484",
}

@article{feferman85-variable-types,
  author  = "Feferman, Solomon",
  title   = "A theory of variable types",
  journal = "Revista Colombiana de Matem\'aticas",
  volume  = "19",
  number  = "1--2",
  year    = "1985",
  pages   = "95--105",
}

@article{feferman99-new-axioms,
  author    = "Feferman, Solomon",
  title     = "Does Mathematics Need New Axioms?",
  journal   = "The {American} Mathematical Monthly",
  volume    = "106",
  number    = "2",
  year      = "1999",
  pages     = "99--111",
  publisher = "Taylor \& Francis",
  doi       = "10.1080/00029890.1999.12005017",
}

@incollection{feferman12-semi-constructive-theories,
  author   = "Solomon Feferman",
  title    = "On the Strength of some Semi-Constructive Theories",
  crossref = "logic12",
  pages    = "201--226",
  doi      = "10.1515/9783110324921.201",
}

@unpublished{feferman13-vft,
  author = "Feferman, Solomon",
  title  = "How a Little Bit goes a Long Way: Predicative Foundations of Analysis",
  year   = "2013",
  url    = "https://math.stanford.edu/~feferman/papers/pfa.pdf",
}

@article{feferman-friedman-maddy-steel00-new-axioms,
  author    = "Feferman, Solomon and Friedman, Harvey Martin and Maddy, Penelope and Steel, John Robert",
  title     = "Does Mathematics Need New Axioms?",
  journal   = bsl,
  volume    = "6",
  number    = "4",
  year      = "2000",
  pages     = "401--446",
  publisher = "Cambridge University Press",
  doi       = "10.2307/420965",
}

@inproceedings{fernando92-primitive-recursive-set-theory,
  author   = "Fernando, Tim",
  title    = "A primitive recursive set theory and {AFA}: On the logical complexity of the largest bisimulation",
  crossref = "csl91",
  pages    = "96--110",
  doi      = "10.1007/bfb0023760",
}

@article{flocke20-carnap,
  author  = "Flocke, Vera",
  title   = "{Carnap}'s Noncognitivism about Ontology",
  journal = "No\^us",
  volume  = "54",
  number  = "3",
  year    = "2020",
  pages   = "527--548",
  doi     = "10.1111/nous.12267",
}

@article{forti-honsell85-card-universality,
  author    = "Forti, Marco and Honsell, Furio",
  title     = "The consistency of the axiom of universality for the ordering of cardinalities",
  journal   = jsl,
  volume    = "50",
  number    = "2",
  year      = "1985",
  pages     = "502--509",
  publisher = "Cambridge University Press",
  doi       = "10.2307/2274238",
}

@article{forti-honsell85-card-universality-without-foundation,
  author  = "Forti, Marco and Honsell, Furio",
  title   = "A Model where Cardinal Ordering is Universal",
  journal = "Mathematical Logic Quarterly",
  volume  = "31",
  number  = "31--34",
  year    = "1985",
  pages   = "533--536",
  doi     = "10.1002/malq.19850313108",
}

@phdthesis{freund18-thesis,
  author = "Freund, Anton",
  title  = "Type-Two Well-Ordering Principles, Admissible Sets, and {$\Pi^1_1$}-Comprehension",
  year   = "2018",
  school = "University of Leeds",
}

@article{freund21-effective-transfinite-recursion,
  author  = "Freund, Anton",
  title   = "What is effective transfinite recursion in reverse mathematics?",
  journal = "Mathematical Logic Quarterly",
  volume  = "66",
  number  = "4",
  year    = "2020",
  pages   = "479--483",
  doi     = "10.1002/malq.202000042",
}

@article{freund21-patterns-of-resemblance,
  author  = "Freund, Anton",
  title   = "Patterns of resemblance and {Bachmann}--{Howard} fixed points",
  journal = "Selecta Mathematica, New Series",
  volume  = "28",
  number  = "1",
  year    = "2021",
  note    = "Article: 19",
  doi     = "10.1007/s00029-021-00748-w",
}

@article{freund-rathjen23-well-ordering-principles,
  author  = "Freund, Anton and Rathjen, Michael",
  title   = "Well ordering principles for iterated {$\Pi^1_1$}-comprehension",
  journal = "Selecta Mathematica, New Series",
  volume  = "29",
  number  = "5",
  year    = "2023",
  note    = "Article: 76",
  doi     = "10.1007/s00029-023-00879-2",
}

@article{frey-ruck86-strong-lefschetz-principle,
  author  = "Frey, Gerhard and R{\"u}ck, Hans-Georg",
  title   = "The strong {Lefschetz} principle in algebraic geometry",
  journal = "manuscripta mathematica",
  volume  = "55",
  number  = "3",
  year    = "1986",
  pages   = "385--401",
  doi     = "10.1007/bf01186653",
}

@phdthesis{friedman67-thesis,
  author = "Friedman, Harvey Martin",
  title  = "Subsystems of set theory and analysis",
  year   = "1967",
  school = "Massachusetts Institute of Technology",
}

@inproceedings{friedman70-sigma11-12-ac,
  author   = "Friedman, Harvey Martin",
  title    = "Iterated inductive definitions and {$\Sigma^1_2$-AC}",
  crossref = "buffalo68",
  pages    = "435--442",
}

@article{friedman98-finite-functions,
  author  = "Friedman, Harvey Martin",
  title   = "Finite Functions and the Necessary Use of Large Cardinals",
  journal = "Annals of Mathematics",
  volume  = "148",
  number  = "3",
  year    = "1998",
  pages   = "803--893",
  doi     = "10.2307/121032",
}

@article{friedman01-subtle-cardinals,
  author    = "Friedman, Harvey Martin",
  title     = "Subtle cardinals and linear orderings",
  journal   = apal,
  volume    = "107",
  number    = "1",
  year      = "2001",
  pages     = "1--34",
  publisher = "Elsevier",
  doi       = "10.1016/s0168-0072(00)00019-1",
}

@unpublished{friedman11-brt,
  author = "Friedman, Harvey Martin",
  title  = "Boolean relation theory and incompleteness",
  year   = "2011",
  url    = "https://u.osu.edu/friedman.8/files/2014/01/0EntireBook061311-wh0yjy.pdf",
}

@article{friedman-scedrov85-provably-recursive-functions,
  author    = "Friedman, Harvey Martin and Scedrov, Andre",
  title     = "The lack of definable witnesses and provably recursive functions in intuitionistic set theories",
  journal   = "Advances in Mathematics",
  volume    = "57",
  number    = "1",
  year      = "1985",
  pages     = "1--13",
  publisher = "Elsevier",
  doi       = "10.1016/0001-8708(85)90103-3",
}

@article{friedman-scedrov86-intuitionistic-recursive-well-orderings,
  author    = "Friedman, Harvey Martin and Scedrov, Andre",
  title     = "Intuitionistically provable recursive well-orderings",
  journal   = apal,
  volume    = "30",
  number    = "2",
  year      = "1986",
  pages     = "165--171",
  publisher = "Elsevier",
  doi       = "10.1016/0168-0072(86)90004-7",
}

@article{friedman-sd06-inner-model-hypo,
  author    = "Friedman, Sy-David",
  title     = "Internal Consistency and the Inner Model Hypothesis",
  journal   = bsl,
  volume    = "12",
  number    = "4",
  year      = "2006",
  pages     = "591--600",
  publisher = "Cambridge University Press",
  doi       = "10.2178/bsl/1164056808",
}

@article{friedman-sd16-kp-fragments,
  author  = "Friedman, Sy-David and Li, Wei and Wong, Tin Lok",
  title   = "Fragments of {Kripke}--{Platek} set theory and the metamathematics of {$\alpha$}-recursion theory",
  journal = ml-arch,
  volume  = "55",
  number  = "7",
  year    = "2016",
  pages   = "899--924",
  doi     = "10.1007/s00153-016-0501-z",
}

@article{friedman-sd-welch-woodin08-inner-model-hypo,
  author    = "Friedman, Sy-David and Welch, Philip David and Woodin, William Hugh",
  title     = "On the Consistency Strength of the Inner Model Hypothesis",
  journal   = jsl,
  volume    = "73",
  number    = "2",
  year      = "2008",
  pages     = "391--400",
  publisher = "Cambridge University Press",
  doi       = "10.2178/jsl/1208359050",
}

@article{friedman-sheard95-elementary-descent-recursion,
  author    = "Friedman, Harvey Martin and Sheard, III, Alec Michael",
  title     = "Elementary descent recursion and proof theory",
  journal   = apal,
  volume    = "71",
  number    = "1",
  year      = "1995",
  pages     = "1--45",
  publisher = "Elsevier",
  doi       = "10.1016/0168-0072(94)00003-l",
}

@article{frittaion-nemoto-rathjen23-independence-of-premise,
  author    = "Frittaion, Emanuele and Nemoto, Takako and Rathjen, Michael",
  title     = "Choice and independence of premise rules in intuitionistic set theory",
  journal   = apal,
  volume    = "174",
  number    = "9",
  year      = "2023",
  note      = "Article: 103314",
  publisher = "Elsevier",
  doi       = "10.1016/j.apal.2023.103314",
}

@article{frittaion-rathjen20-realizability-ist,
  author  = "Frittaion, Emanuele and Rathjen, Michael",
  title   = "Extensional realizability for intuitionistic set theory",
  journal = "Journal of Logic and Computation",
  volume  = "31",
  number  = "2",
  year    = "2020",
  pages   = "630--653",
  doi     = "10.1093/logcom/exaa087",
}

@incollection{gale-stewart53-infinite-games,
  author   = "Gale, David and Stewart, Frank Moore",
  title    = "Infinite Games with Perfect Information",
  crossref = "theory-of-games53",
  pages    = "245--266",
  doi      = "10.1515/9781400881970-014",
}

@inproceedings{gandy74-set-functions,
  author   = "Gandy, Robin Oliver",
  title    = "Set-theoretic functions for elementary syntax",
  crossref = "ams-symposia-set-theory74",
  pages    = "103--126",
}

@article{gelman-nolan02-bias-coin,
  author    = "Gelman, Andrew and Nolan, Deborah",
  title     = "You Can Load a Die, But You Can't Bias a Coin",
  journal   = "The {American} Statistician",
  volume    = "56",
  number    = "4",
  year      = "2002",
  pages     = "308--311",
  publisher = "Taylor \& Francis",
  doi       = "10.1198/000313002605",
}

@incollection{gerber68-brouwer-bar-theorem,
  author   = "Gerber, Harvey",
  title    = "{Brouwer}'s Bar Theorem and a System of Ordinal Notations",
  crossref = "buffalo68",
  pages    = "327--338",
  doi      = "10.1016/s0049-237x(08)70762-6",
}

@article{ghilezan96-intersection-types,
  author    = "Ghilezan, Silvia",
  title     = "Strong Normalization and Typability with Intersection Types",
  journal   = ndjfl,
  volume    = "37",
  number    = "1",
  year      = "1996",
  pages     = "44--52",
  publisher = "Duke University Press",
  doi       = "10.1305/ndjfl/1040067315",
}

@article{girard-normann92-ptykes,
  author    = "Girard, Jean-Yves and Normann, Dag",
  title     = "Embeddability of ptykes",
  journal   = jsl,
  volume    = "57",
  number    = "2",
  year      = "1992",
  pages     = "659--676",
  publisher = "Cambridge University Press",
  doi       = "10.2307/2275298",
}

@article{gitik80-uncountable-cardinals-singular,
  author  = "Gitik, Moti",
  title   = "All uncountable cardinals can be singular",
  journal = "Israel Journal of Mathematics",
  volume  = "35",
  number  = "1",
  year    = "1980",
  pages   = "61--88",
  doi     = "10.1007/bf02760939",
}

@book{godel40-ch,
  author    = "G{\"o}del, Kurt",
  title     = "The Consistency of the Continuum Hypothesis",
  year      = "1968",
  series    = "Annals of Mathematics Studies",
  publisher = "Princeton University Press",
}

@article{godel47-continuum-problem,
  author    = "G{\"o}del, Kurt",
  title     = "What is {Cantor}'s Continuum Problem?",
  journal   = "The {American} Mathematical Monthly",
  volume    = "54",
  number    = "9",
  year      = "1947",
  pages     = "515--525",
  publisher = "Taylor \& Francis",
  doi       = "10.1080/00029890.1947.11991877",
}

@incollection{godel89-continuum-problem,
  author   = "G{\"o}del, Kurt",
  title    = "What is {Cantor}'s Continuum Problem?",
  crossref = "godel-collected-works-ii89",
  pages    = "254--270",
}

@incollection{godel95-maths-syntax-of-language,
  author   = "G{\"o}del, Kurt",
  title    = "Is mathematics syntax of language?",
  crossref = "godel-collected-works-iii95",
  pages    = "334-356",
}

@incollection{goldfarb96-maths-positivism,
  author   = "Goldfarb, Warren",
  title    = "The Philosophy of Mathematics in Early Positivism",
  crossref = "logical-empiricism96",
  pages    = "213--230",
}

@article{goodstein54-logic-free-arithmetic,
  author    = "Goodstein, Reuben Louis",
  title     = "Logic-Free Formalisations of Recursive Arithmetic",
  journal   = "Mathematica Scandinavica",
  volume    = "2",
  number    = "2",
  year      = "1954",
  pages     = "247--261",
  publisher = "Mathematica Scandinavica",
}

@article{greenberg-montalban08-atr-ranked-structures,
  author    = "Greenberg, Noam and Montalb\'an, Antonio",
  title     = "Ranked structures and arithmetic transfinite recursion",
  journal   = ams-transac,
  volume    = "360",
  number    = "3",
  year      = "2008",
  pages     = "1265--1307",
  publisher = ams,
  doi       = "10.1090/s0002-9947-07-04285-7",
}

@inproceedings{griffin89-formulae-as-type-control,
  author   = "Griffin, Timothy G.",
  title    = "A formulae-as-type notion of control",
  crossref = "popl90",
  pages    = "47--58",
  doi      = "10.1145/96709.96714",
}

@article{hamkins12-set-theoretic-multiverse,
  author  = "Hamkins, Joel David",
  title   = "The set-theoretic multiverse",
  journal = "The Review of Symbolic Logic",
  volume  = "5",
  number  = "3",
  year    = "2012",
  pages   = "416--449",
  doi     = "10.1017/s1755020311000359",
}

@article{hamkins24-ch,
  author  = "Hamkins, Joel David",
  title   = "How the Continuum Hypothesis could have been a Fundamental Axiom",
  journal = "Journal for the Philosophy of Mathematics",
  volume  = "1",
  year    = "2024",
  pages   = "141-159",
  doi     = "10.36253/jpm-2936",
}

@book{hinman77-recursion-theory,
  author    = "Hinman, Peter Greayer",
  title     = "Recursion-theoretic hierarchies",
  year      = "1977",
  series    = "Perspectives in mathematical logic",
  publisher = "Springer-Verlag",
}

@book{hinman17-recursion-theory-cambridge,
  author    = "Hinman, Peter Greayer",
  title     = "Recursion-Theoretic Hierarchies",
  year      = "2017",
  series    = "Perspectives in Logic",
  publisher = "Cambridge University Press",
  doi       = "10.1017/9781316717110",
}

@article{hirschowitz-maggesi12-nested-abstract-syntax,
  author  = "Hirschowitz, Andr\'e and Maggesi, Marco",
  title   = "Nested Abstract Syntax in {Coq}",
  journal = "Journal of Automated Reasoning",
  volume  = "49",
  number  = "3",
  year    = "2012",
  pages   = "409--426",
  doi     = "10.1007/s10817-010-9207-9",
}

@article{howard-kreisel66-transfinite-induction,
  author    = "Howard, William Alvin and Kreisel, Georg",
  title     = "Transfinite induction and bar induction of types zero and one, and the role of continuity in intuitionistic analysis",
  journal   = jsl,
  volume    = "31",
  number    = "3",
  year      = "1966",
  pages     = "325--358",
  publisher = "Cambridge University Press",
  doi       = "10.2307/2270450",
}

@article{iemhoff10-kripke-model-czf,
  author  = "Iemhoff, Rosalie",
  title   = "{Kripke} models for subtheories of {CZF}",
  journal = ml-arch,
  volume  = "49",
  number  = "2",
  year    = "2010",
  pages   = "147--167",
  doi     = "10.1007/s00153-009-0164-0",
}

@article{iemhoff-passmann21-ikp,
  author    = "Iemhoff, Rosalie and Passmann, Robert",
  title     = "Logics of intuitionistic {Kripke}--{Platek} set theory",
  journal   = apal,
  volume    = "172",
  number    = "10",
  year      = "2021",
  note      = "Article: 103014",
  publisher = "Elsevier",
  doi       = "10.1016/j.apal.2021.103014",
}

@book{jager86-admissible-sets,
  author    = "J{\"a}ger, Gerhard",
  title     = "Theories for admissible sets: A unifying approach to proof theory ",
  year      = "1986",
  series    = "Studies in Proof Theory -- Lecture Notes",
  publisher = "Bibliopolis",
}

@incollection{jager22-kp-cut-elimination,
  author   = "J{\"a}ger, Gerhard",
  title    = "Simplified Cut Elimination for {Kripke}--{Platek} Set Theory",
  crossref = "axiomatic-thinking22",
  pages    = "9--34",
  doi      = "10.1007/978-3-030-77799-9_2",
}

@article{jager-rathjen23-admissible-extensions,
  author    = "J{\"a}ger, Gerhard and Rathjen, Michael",
  title     = "Admissible extensions of subtheories of second order arithmetic",
  year      = "2023",
  publisher = "arXiv",
  eprint    = "arXiv:2202.03476 [math.LO]",
}

@book{jech97-set-theory,
  author    = "Jech, Thomas J.",
  title     = "Set theory",
  edition   = "2",
  year      = "1997",
  series    = "Perspectives in Mathematical Logic",
  publisher = "Springer Berlin, Heidelberg",
  doi       = "10.1007/978-3-662-22400-7",
}

@book{jech03-set-theory,
  author    = "Jech, Thomas J.",
  title     = "Set theory",
  edition   = "The third millennium edition, revised and expanded",
  year      = "2003",
  series    = springer-mono,
  publisher = "Springer Berlin, Heidelberg",
  doi       = "10.1007/3-540-44761-x",
}

@book{johnstone82-stone-spaces,
  author    = "Johnstone, Peter Tennant",
  title     = "{Stone} Spaces",
  year      = "1982",
  series    = "Cambridge Studies in Advanced Mathematics",
  publisher = "Cambridge University Press",
}

@inproceedings{kahle-studer00-explicit-maths,
  author   = "Kahle, Reinhard and Studer, Thomas",
  title    = "A Theory of Explicit Mathematics Equivalent to {$\mathbf{ID}_1$}",
  crossref = "csl00",
  pages    = "356--370",
  doi      = "10.1007/3-540-44622-2_24",
}

@article{kaiser06-definability-possion-equation,
  author    = "Kaiser, Tobias",
  title     = "Definability results for the {Poisson} equation",
  journal   = "Advances in Geometry",
  volume    = "6",
  number    = "4",
  year      = "2006",
  pages     = "627--644",
  publisher = "De Gruyter",
  doi       = "10.1515/advgeom.2006.036",
}

@article{kaiser09-riemann-mapping,
  author  = "Kaiser, Tobias",
  title   = "The {Riemann} mapping theorem for semianalytic domains and o-minimality",
  journal = lms-proc,
  volume  = "98",
  number  = "2",
  year    = "2008",
  pages   = "427--444",
  doi     = "10.1112/plms/pdn034",
}

@book{kanamori03-large-cardinals,
  author    = "Kanamori, Akihiro",
  title     = "The Higher Infinite: Large Cardinals in Set Theory from Their Beginnings",
  edition   = "2",
  year      = "2003",
  series    = springer-mono,
  publisher = "Springer Berlin, Heidelberg",
  doi       = "10.1007/978-3-540-88867-3",
}

@article{kanovei-katz-mormann13-hyperreals,
  author  = "Kanovei, Vladimir and Katz, Mikhail G. and Mormann, Thomas",
  title   = "Tools, Objects, and Chimeras: Connes on the Role of Hyperreals in Mathematics",
  journal = "Foundations of Science",
  volume  = "18",
  number  = "2",
  year    = "2013",
  pages   = "259--296",
  doi     = "10.1007/s10699-012-9316-5",
}

@article{kanovei-shelah04-nonstandard-model-of-reals,
  author    = "Kanovei, Vladimir and Shelah, Saharon",
  title     = "A definable nonstandard model of the reals",
  journal   = jsl,
  volume    = "69",
  number    = "1",
  year      = "2004",
  pages     = "159--164",
  publisher = "Cambridge University Press",
  doi       = "10.2178/jsl/1080938834",
}

@article{karagila14-embedding-orders,
  author  = "Karagila, Asaf",
  title   = "Embedding orders into the cardinals with {$\mathsf{DC}_{\kappa}$}",
  journal = "Fundamenta Mathematicae",
  volume  = "226",
  number  = "2",
  year    = "2014",
  pages   = "143--156",
  doi     = "10.4064/fm226-2-4",
}

@article{karagila21-iterated-failures-choice,
  author    = "Karagila, Asaf",
  title     = "Iterated failures of choice",
  year      = "2021",
  publisher = "arXiv",
  eprint    = "arXiv:1911.09285 [math.LO]",
}

@unpublished{karagila23-forcing,
  author = "Karagila, Asaf",
  title  = "Lecture Notes: Forcing \& Symmetric Extensions",
  year   = "2023",
  url    = "https://karagila.org/files/Forcing-2023.pdf",
}

@article{knight-pillay-steinhorn86-definable-sets,
  author    = "Knight, Julia Frandsen and Pillay, Anand and Steinhorn, Charles",
  title     = "Definable Sets in Ordered Structures. {II}",
  journal   = ams-transac,
  volume    = "295",
  number    = "2",
  year      = "1986",
  pages     = "593--605",
  publisher = ams,
}

@article{koellner06-absolute-undecidability,
  author  = "Koellner, Peter",
  title   = "On the Question of Absolute Undecidability",
  journal = "Philosophia Mathematica",
  volume  = "14",
  number  = "2",
  year    = "2006",
  pages   = "153--188",
  doi     = "10.1093/philmat/nkj009",
}

@incollection{koellner09-truth,
  author   = "Koellner, Peter",
  title    = "Truth in Mathematics: The Question of Pluralism",
  crossref = "philosophy-of-maths09",
  pages    = "80--116",
  doi      = "10.1057/9780230245198_5",
}

@article{koellner09-reflection-principles,
  author    = "Koellner, Peter",
  title     = "On reflection principles",
  journal   = apal,
  volume    = "157",
  number    = "2",
  year      = "2009",
  pages     = "206--219",
  publisher = "Elsevier",
  doi       = "10.1016/j.apal.2008.09.007",
}

@incollection{koellner14-large-cardinals-determinacy,
  author   = "Koellner, Peter",
  title    = "{Large Cardinals and Determinacy}",
  crossref = "sep14",
  url      = "https://plato.stanford.edu/archives/spr2014/entries/large-cardinals-determinacy/",
}

@incollection{koellner-woodin10-large-cardinals-determinacy,
  author   = "Koellner, Peter and Woodin, William Hugh",
  title    = "Large Cardinals from Determinacy",
  crossref = "set-theory10",
  pages    = "1951--2119",
  doi      = "10.1007/978-1-4020-5764-9_24",
}

@article{kovacsics17-liouville-theorem,
  author    = "Kovacsics, Pablo Cubides",
  title     = "A proof of {Liouville}'s theorem via o-minimality",
  year      = "2017",
  publisher = "arXiv",
  eprint    = "arXiv:1712.07593 [math.LO]",
}

@article{kranakis82-admissible-ordinals,
  author    = "Kranakis, Evangelos",
  title     = "Reflection and partition properties of admissible ordinals",
  journal   = "Annals of Mathematical Logic",
  volume    = "22",
  number    = "3",
  year      = "1982",
  pages     = "213--242",
  publisher = "North-Holland",
  doi       = "10.1016/0003-4843(82)90022-5",
}

@article{kreisel62-choice-hyperarithmetic,
  author  = "Kreisel, Georg",
  title   = "The Axiom of Choice and the Class of Hyperarithmetic Functions",
  journal = "Indagationes Mathematicae (Proceedings)",
  volume  = "65",
  pages   = "307--319",
  year    = "1962",
  doi     = "10.1016/s1385-7258(62)50029-2",
}

@article{kunen71-elementary-embeddings,
  author    = "Kunen, Kenneth",
  title     = "Elementary embeddings and infinitary combinatorics",
  journal   = jsl,
  volume    = "36",
  number    = "3",
  year      = "1971",
  pages     = "407--413",
  publisher = "Cambridge University Press",
  doi       = "10.2307/2269948",
}

@book{lang02-algebra,
  author    = "Lang, Serge",
  title     = "Algebra",
  edition   = "3",
  year      = "2002",
  series    = "Graduate Texts in Mathematics",
  publisher = "Springer New York, NY",
  doi       = "10.1007/978-1-4613-0041-0",
}

@article{lawvere03-foundations-and-applications,
  author    = "Lawvere, F.{\ }William",
  title     = "Foundations and Applications: Axiomatization and Education",
  journal   = bsl,
  volume    = "9",
  number    = "2",
  year      = "2003",
  pages     = "213--224",
  publisher = "Cambridge University Press",
  doi       = "10.2178/bsl/1052669290",
}

@book{lindstrom17-incompleteness,
  author    = "Lindstr{\"o}m, Per",
  title     = "Aspects of Incompleteness",
  year      = "2017",
  series    = "Lecture Notes in Logic",
  publisher = "Cambridge University Press",
  doi       = "10.1017/9781316716854",
}

@book{loday-vallette12-algebraic-operads,
  author    = "Loday, Jean-Louis and Vallette, Bruno",
  title     = "Algebraic Operads",
  year      = "2012",
  series    = "Grundlehren der mathematischen Wissenschaften",
  publisher = "Springer Berlin, Heidelberg",
  doi       = "10.1007/978-3-642-30362-3",
}

@unpublished{lojasiewicz65-semianalytics,
  author = "{\L}ojasiewicz, Stanis{\l}aw",
  title  = "Ensembles semi-analytiques",
  year   = "1965",
  url    = "https://perso.univ-rennes1.fr/michel.coste/Lojasiewicz.pdf",
}

@incollection{lubarsky93-intuitionistic-l,
  author   = "Lubarsky, Robert Seth",
  title    = "Intuitionistic {L}",
  crossref = "logical-methods93",
  pages    = "555--571",
  doi      = "10.1007/978-1-4612-0325-4_18",
}

@article{lubarsky03-ikp,
  author    = "Lubarsky, Robert Seth",
  title     = "{IKP} and Friends",
  journal   = jsl,
  volume    = "67",
  number    = "4",
  year      = "2002",
  pages     = "1295--1322",
  publisher = "Cambridge University Press",
  doi       = "10.2178/jsl/1190150286",
}

@article{lubarsky05-czf-independence,
  author    = "Lubarsky, Robert Seth",
  title     = "Independence results around constructive {ZF}",
  journal   = apal,
  volume    = "132",
  number    = "2",
  year      = "2005",
  pages     = "209--225",
  publisher = "Elsevier",
  doi       = "10.1016/j.apal.2004.08.002",
}

@incollection{lubarsky23-inner-outer-models-cst,
  author   = "Lubarsky, Robert Seth",
  title    = "Inner and Outer Models for Constructive Set Theories",
  crossref = "constructive-maths23",
  pages    = "584--635",
  doi      = "10.1017/9781009039888.023",
}

@article{luzin1917-baire,
  author  = "Luzin, Nikolai Nikolayevich",
  title   = "Sur la classification de {M.\ Baire}",
  journal = "Comptes Rendus Hebdomadiares des S\'eances de {l'Acad\'emie des Sciences}",
  volume  = "164",
  year    = "1917",
  pages   = "91--94",
}

@article{maddy88-axioms,
  author    = "Maddy, Penelope",
  title     = "Believing the axioms. {I}",
  journal   = jsl,
  volume    = "53",
  number    = "2",
  year      = "1988",
  pages     = "481--511",
  publisher = "Cambridge University Press",
  doi       = "10.2307/2274520",
}

@article{maddy88-axioms2,
  author    = "Maddy, Penelope",
  title     = "Believing the axioms. {II}",
  journal   = jsl,
  volume    = "53",
  number    = "3",
  year      = "1988",
  pages     = "736--764",
  publisher = "Cambridge University Press",
  doi       = "10.2307/2274569",
}

@book{maddy97-naturalism,
  author    = "Maddy, Penelope",
  title     = "Naturalism in Mathematics",
  year      = "1997",
  publisher = "Oxford University Press",
}

@book{maddy11-set-theory,
  author    = "Maddy, Penelope",
  title     = "Defending the Axioms: On the Philosophical Foundations of Set Theory",
  year      = "2011",
  publisher = "Oxford University Press",
}

@inproceedings{maddy17-maximize,
  author   = "Maddy, Penelope",
  title    = "{V=L} and Maximize",
  crossref = "logic95",
  pages    = "134--152",
  doi      = "10.1017/9781316716830.013",
}

@unpublished{madore17-ordinals,
  author = "Madore, David Alexander",
  title  = "A zoo of ordinals",
  year   = "2017",
  url    = "http://www.madore.org/~david/math/ordinal-zoo.pdf",
}

@article{mahler81-irrational-decimal-fractions,
  title   = "On some irrational decimal fractions",
  author  = "Mahler, Kurt",
  journal = "Journal of Number Theory",
  volume  = "13",
  number  = "2",
  year    = "1981",
  pages   = "268--269",
  doi     = "10.1016/0022-314x(81)90010-x",
}

@article{mancini-zambella01-recursive-models-set-theory,
  author    = "Mancini, Antonella and Zambella, Domenico",
  title     = "A Note on Recursive Models of Set Theories",
  journal   = ndjfl,
  volume    = "42",
  number    = "2",
  year      = "2001",
  pages     = "109--115",
  publisher = "Duke University Press",
  doi       = "10.1305/ndjfl/1054837937",
}

@book{mansfield-weitkamp85-recursive-dst,
  author    = "Mansfield, Richard Beech and Weitkamp, Galen",
  title     = "Recursive Aspects of Descriptive Set Theory",
  year      = "1985",
  series    = "Oxford Logic Guides",
  publisher = "Oxford University Press",
}

@article{manzyuk12-closed-categories,
  author  = "Manzyuk, Oleksandr",
  title   = "Closed categories vs.\ closed multicategories",
  journal = "Theory and Applications of Categories",
  volume  = "26",
  number  = "5",
  year    = "2012",
  pages   = "132--175",
}

@book{marker02-model-theory,
  author    = "Marker, David E.",
  title     = "Model Theory: An Introduction",
  year      = "2002",
  series    = "Graduate Texts in Mathematics",
  publisher = "Springer New York, NY",
  doi       = "10.1007/b98860",
}

@incollection{marker17-model-theory-fields,
  author   = "Marker, David E.",
  title    = "Introduction to the Model Theory of Fields",
  crossref = "model-theory-fields17",
  pages    = "1--37",
  doi      = "10.1017/9781316716991.002",
}

@article{martin70-analytic-games,
  author  = "Martin, Donald Anthony",
  title   = "Measurable cardinals and analytic games",
  journal = "Fundamenta Mathematicae",
  volume  = "66",
  number  = "3",
  year    = "1970",
  pages   = "287-291",
}

@incollection{martin-lof71-intuitionistic-iterated-id,
  author   = "Martin-L{\"o}f, Per",
  title    = "Hauptsatz for the Intuitionistic Theory of Iterated Inductive Definitions",
  crossref = "scandinavian71",
  pages    = "179--216",
  doi      = "10.1016/s0049-237x(08)70847-4",
}

@article{martin-steel89-projective-determinacy,
  author    = "Martin, Donald Anthony and Steel, John Robert",
  title     = "A Proof of Projective Determinacy",
  journal   = ams-journal,
  volume    = "2",
  number    = "1",
  year      = "1989",
  pages     = "71--125",
  publisher = ams,
}

@article{mathias01-mac-lane,
  author    = "Mathias, Adrian Richard David",
  title     = "The strength of {Mac Lane} set theory",
  journal   = apal,
  volume    = "110",
  number    = "1",
  year      = "2001",
  pages     = "107--234",
  publisher = "Elsevier",
  doi       = "10.1016/s0168-0072(00)00031-2",
}

@article{mathias01-slim-models,
  author    = "Mathias, Adrian Richard David",
  title     = "Slim models of {Zermelo} set theory",
  journal   = jsl,
  volume    = "66",
  number    = "2",
  year      = "2001",
  pages     = "487--496",
  publisher = "Cambridge University Press",
  doi       = "10.2307/2695026",
}

@incollection{mathias06-weak-systems,
  author   = "Mathias, Adrian Richard David",
  title    = "Weak Systems of {Gandy}, {Jensen} and {Devlin}",
  crossref = "barcelona-set-theory03-04",
  pages    = "149--224",
  doi      = "10.1007/3-7643-7692-9_6",
}

@article{mathias-bowler15-rud-rec,
  author    = "Mathias, Adrian Richard David and Bowler, Nathan",
  title     = "Rudimentary Recursion, Gentle Functions and Provident Sets",
  journal   = ndjfl,
  volume    = "56",
  number    = "1",
  year      = "2015",
  pages     = "3--60",
  publisher = "Duke University Press",
  doi       = "10.1215/00294527-2835101",
}

@article{matthews-rathjen24-constructible-universe,
  author    = "Richard Matthews and Michael Rathjen",
  title     = "Constructing the constructible universe constructively",
  journal   = apal,
  volume    = "175",
  number    = "3",
  year      = "2024",
  note      = "Article: 103392",
  publisher = "Elsevier",
  doi       = "10.1016/j.apal.2023.103392",
}

@phdthesis{mccarty84-realizability-recursive-maths,
  author = "McCarty, David Charles",
  title  = "Realizability and Recursive Mathematics",
  year   = "1984",
  school = "University of Oxford",
}

@article{mclarty13-set-theory-hoa,
  author    = "McLarty, Colin",
  title     = "Interpreting set theory in higher order arithmetic",
  year      = "2013",
  publisher = "arXiv",
  eprint    = "arXiv:1207.6357 [math.LO]",
}

@book{mendelson64-logic,
  author    = "Mendelson, Elliott",
  title     = "Introduction to mathematical logic",
  year      = "1964",
  series    = "University Series in Undergraduate Mathematics",
  publisher = "Van Nostrand Reinhold",
}

@article{miller11-dedekind-finite-borel-set,
  author  = "Miller, Arnold William",
  title   = "A {Dedekind} Finite {Borel} Set",
  journal = ml-arch,
  volume  = "50",
  number  = "1",
  year    = "2011",
  pages   = "1--17",
  doi     = "10.1007/s00153-010-0195-6",
}

@article{miquel20-implicative-algebras,
  author  = "Miquel, Alexandre",
  title   = "Implicative algebras: a new foundation for realizability and forcing",
  journal = "Mathematical Structures in Computer Science",
  volume  = "30",
  number  = "5",
  year    = "2020",
  pages   = "458--510",
  doi     = "10.1017/s0960129520000079",
}

@incollection{mitchell10-inner-model-theory,
  author   = "Mitchell, William John",
  title    = "Beginning Inner Model Theory",
  crossref = "set-theory10",
  pages    = "1449--1495",
  doi      = "10.1007/978-1-4020-5764-9_18",
}

@article{mitchell-jc-moggi91-kripke-models-lambda-calculus,
  author    = "Mitchell, John Clifford and Moggi, Eugenio",
  title     = "{Kripke}-style models for typed lambda calculus",
  journal   = apal,
  volume    = "51",
  number    = "1",
  year      = "1991",
  pages     = "99--124",
  publisher = "Elsevier",
  doi       = "10.1016/0168-0072(91)90067-v",
}

@incollection{monk12-elementary-primitive-recursion,
  author   = "Monk, James Donald",
  title    = "Elementary recursive and primitive recursive functions",
  crossref = "monk12-logic",
  pages    = "26--44",
  doi      = "10.1007/978-1-4684-9452-5_3",
}

@book{moschovakis09-descriptive-set-theory,
  author    = "Moschovakis, Yiannis Nicolas",
  title     = "Descriptive Set Theory",
  edition   = "2",
  year      = "2009",
  series    = "Mathematical Surveys and Monographs",
  publisher = ams,
  doi       = "10.1090/surv/155",
}

@book{nederpelt-geuvers14-type-theory,
  author    = "Nederpelt, Rob and Geuvers, Herman",
  title     = "Type Theory and Formal Proof: An Introduction",
  year      = "2014",
  publisher = "Cambridge University Press",
  doi       = "10.1017/cbo9781139567725",
}

@article{niven47-pi-irrational,
  author    = "Niven, Ivan",
  title     = "A simple proof that {$\pi$} is irrational",
  journal   = ams-bulletin,
  volume    = "53",
  number    = "6",
  year      = "1947",
  pages     = "509--509",
  publisher = ams,
}

@phdthesis{norell07-thesis,
  author = "Norell, Ulf",
  title  = "Towards a practical programming language based on dependent type theory",
  year   = "2007",
  school = "Chalmers University of Technology",
}

@article{normann-sanders23-biggest-five,
  author    = "Normann, Dag and Sanders, Sam",
  title     = "The Biggest Five of Reverse Mathematics",
  year      = "2023",
  publisher = "arXiv",
  eprint    = "arXiv:2212.00489 [math.LO]",
}

@article{oliva-streicher08-krivine-realizability,
  author  = "Oliva, Paulo and Streicher, Thomas",
  title   = "On {Krivine}'s Realizability Interpretation of Classical Second-Order Arithmetic",
  journal = "Fundamenta Informaticae",
  volume  = "84",
  number  = "2",
  year    = "2008",
  pages   = "207--220",
}

@article{parikh73-proof-length,
  author    = "Parikh, Rohit Jivanlal",
  title     = "Some results on the length of proofs",
  journal   = ams-transac,
  volume    = "177",
  year      = "1973",
  pages     = "29--36",
  publisher = ams,
}

@inproceedings{passmann20-de-jongh-izf,
  author   = "Passmann, Robert",
  title    = "{De Jongh}'s Theorem for Intuitionistic {Zermelo}--{Fraenkel} Set Theory",
  crossref = "eacsl20",
  pages    = "33:1--33:16",
  doi      = "10.4230/lipics.csl.2020.33",
}

@phdthesis{passmann23-thesis,
  author = "Passmann, Robert",
  title  = "Logical Structure of Constructive Set Theories",
  year   = "2023",
  school = "University of Amsterdam",
}

@article{peterzil-starchenko01-o-minimal-acf,
  author  = "Peterzil, Ya'acov and Starchenko, Sergei",
  title   = "Expansions of algebraically closed fields in o-minimal structures",
  journal = "Selecta Mathematica, New Series",
  volume  = "7",
  number  = "3",
  year    = "2001",
  pages   = "409--445",
  doi     = "10.1007/pl00001405",
}

@inproceedings{peterzil-starchenko05-o-minimal-complex-analysis,
  author   = "Peterzil, Ya'acov and Starchenko, Sergei",
  title    = "{``Complex-like''} analysis in o-minimal structures",
  crossref = "lisbon-o-minimal03",
  pages    = "77--102",
}

@inproceedings{peterzil-starchenko11-tame-complex-analysis,
  author   = "Peterzil, Ya'acov and Starchenko, Sergei",
  title    = "Tame Complex Analysis and o-minimality",
  crossref = "icm10",
  pages    = "58--81",
  doi      = "10.1142/9789814324359_0040",
}

@article{peterzil-steinhorn99-o-minimal-groups,
  author  = "Peterzil, Ya'acov and Steinhorn, Charles",
  title   = "Definable Compactness and Definable Subgroups of o-Minimal Groups",
  journal = lms-journal,
  volume  = "59",
  number  = "3",
  year    = "1999",
  pages   = "769--786",
  doi     = "10.1112/s0024610799007528",
}

@book{pohlers89-proof-theory,
  author    = "Pohlers, Wolfram",
  title     = "Proof Theory: An Introduction",
  year      = "1989",
  series    = "Lecture Notes in Mathematics",
  publisher = "Springer Berlin, Heidelberg",
  doi       = "10.1007/978-3-540-46825-7",
}

@book{pohlers09-proof-theory,
  author    = "Pohlers, Wolfram",
  title     = "Proof theory: the first step into impredicativity",
  year      = "2009",
  series    = "Universitext",
  publisher = "Springer Berlin, Heidelberg",
  doi       = "10.1007/978-3-540-69319-2",
}

@article{probst06-iterated-quasi-least-fixed-points,
  author    = "Probst, Dieter",
  title     = "The proof-theoretic analysis of transfinitely iterated quasi least fixed points",
  journal   = jsl,
  volume    = "71",
  number    = "3",
  year      = "2006",
  pages     = "721--746",
  publisher = "Cambridge University Press",
  doi       = "10.2178/jsl/1154698573",
}

@misc{probst17-modular-ordinal-analysis,
  author = "Probst, Dieter",
  title  = "A modular ordinal analysis of metapredicative subsystems of second order arithmetic",
  year   = "2017",
  school = "University of Bern",
  note   = "Habilitationsschrift",
}

@inproceedings{pudlak86-proof-length,
  author   = "Pudl\'ak, Pavel",
  title    = "On the length of proofs of finitistic consistency statements in first order theories",
  crossref = "logic84",
  pages    = "165--196",
  doi      = "10.1016/s0049-237x(08)70462-2",
}

@article{pudlak17-finite-incompleteness,
  author    = "Pudl\'ak, Pavel",
  title     = "Incompleteness in the finite domain",
  journal   = bsl,
  volume    = "23",
  number    = "4",
  year      = "2017",
  pages     = "405--441",
  publisher = "Cambridge University Press",
  doi       = "10.1017/bsl.2017.32",
}

@article{quine51-dogmas-of-empiricism,
  author    = "Quine, Willard Van Orman",
  title     = "Two Dogmas of Empiricism",
  journal   = "The Philosophical Review",
  volume    = "60",
  number    = "1",
  year      = "1951",
  pages     = "20--43",
  publisher = "Cornell University Press",
  doi       = "10.2307/2266637",
}

@article{quine60-carnap,
  author    = "Quine, Willard Van Orman",
  title     = "{Carnap} and Logical Truth",
  journal   = "Synthese",
  volume    = "12",
  number    = "4",
  year      = "1960",
  pages     = "350--374",
  publisher = "Springer",
}

@article{rathjen91-bar-rule-parameters,
  author    = "Rathjen, Michael",
  title     = "The role of parameters in bar rule and bar induction",
  journal   = jsl,
  volume    = "56",
  number    = "2",
  year      = "1991",
  pages     = "715--730",
  publisher = "Cambridge University Press",
  doi       = "10.2307/2274713",
}

@article{rathjen92-pr-set-function,
  author    = "Rathjen, Michael",
  title     = "A proof-theoretic characterization of the primitive recursive set functions",
  journal   = jsl,
  volume    = "57",
  number    = "3",
  year      = "1992",
  pages     = "954--969",
  publisher = "Cambridge University Press",
  doi       = "10.2307/2275441",
}

@incollection{rathjen93-kp-fragments,
  author   = "Rathjen, Michael",
  title    = "Fragments of {Kripke}--{Platek} set theory with infinity",
  crossref = "leeds90",
  pages    = "251--274",
  doi      = "10.1017/cbo9780511896262.011",
}

@article{rathjen94-martin-lof-type-theories,
  author  = "Griffor, Edward and Rathjen, Michael",
  title   = "The strength of some {Martin-L\"of} type theories",
  journal = ml-arch,
  volume  = "33",
  number  = "5",
  year    = "1994",
  pages   = "347--385",
  doi     = "10.1007/bf01278464",
}

@article{rathjen95-ordinal-analysis,
  author    = "Rathjen, Michael",
  title     = "Recent Advances in Ordinal Analysis: {$\Pi^1_2 - \mathbf{CA}$} and Related Systems",
  journal   = bsl,
  volume    = "1",
  number    = "4",
  year      = "1995",
  pages     = "468--485",
  publisher = "Cambridge University Press",
  doi       = "10.2307/421132",
}

@incollection{rathjen99-ordinal-analysis,
  author   = "Rathjen, Michael",
  title    = "The Realm of Orinal Analysis",
  crossref = "set-proofs99",
  pages    = "219--280",
  doi      = "10.1017/cbo9781107325944.011",
}

@article{rathjen05-czf-disjunction-property,
  author    = "Rathjen, Michael",
  title     = "The disjunction and related properties for constructive {Zermelo}--{Fraenkel} set theory",
  journal   = jsl,
  volume    = "70",
  number    = "4",
  year      = "2005",
  pages     = "1233--1254",
  publisher = "Cambridge University Press",
  doi       = "10.2178/jsl/1129642124",
}

@article{rathjen05-replacement-collection,
  author    = "Rathjen, Michael",
  title     = "Replacement versus collection and related topics in constructive {Zermelo}--{Fraenkel} set theory",
  journal   = apal,
  volume    = "136",
  number    = "1",
  year      = "2005",
  pages     = "156--174",
  publisher = "Elsevier",
  doi       = "10.1016/j.apal.2005.05.010",
}

@article{rathjen06-proof-theory-ordinals,
  author    = "Rathjen, Michael",
  title     = "Theories and Ordinals in Proof Theory",
  journal   = "Synthese",
  volume    = "148",
  number    = "3",
  year      = "2006",
  pages     = "719--743",
  publisher = "Springer",
}

@inproceedings{rathjen06-czf-realizability,
  author   = "Rathjen, Michael",
  title    = "Realizability for constructive {Zermelo}--{Fraenkel} set theory",
  crossref = "logic03",
  pages    = "282--314",
  doi      = "10.1017/9781316755785.015",
}

@incollection{rathjen06-formulae-as-classes-interpretation,
  author   = "Rathjen, Michael",
  title    = "The Formulae-as-Classes Interpretation of Constructive Set Theory",
  crossref = "proof-computation06",
  pages    = "279--322",
}

@inproceedings{rathjen07-ordinal-analysis,
  author   = "Rathjen, Michael",
  title    = "The art of ordinal analysis",
  crossref = "icm06",
  volume   = "2",
  pages    = "45--70",
}

@article{rathjen08-cst-natural-numbers,
  author  = "Rathjen, Michael",
  title   = "The natural numbers in constructive set theory",
  journal = "Mathematical Logic Quarterly",
  volume  = "54",
  number  = "1",
  year    = "2008",
  pages   = "83--97",
  doi     = "10.1002/malq.200710036",
}

@incollection{rathjen12-czf-powerset,
  author   = "Rathjen, Michael",
  title    = "Constructive {Zermelo}--{Fraenkel} Set Theory, Power Set, and the Calculus of Constructions",
  crossref = "epistemology-ontology12",
  pages    = "313--349",
  doi      = "10.1007/978-94-007-4435-6_15",
}

@article{rathjen12-weak-strong-existence-property,
  author    = "Rathjen, Michael",
  title     = "From the weak to the strong existence property",
  journal   = apal,
  volume    = "163",
  number    = "10",
  year      = "2012",
  pages     = "1400--1418",
  publisher = "Elsevier",
  doi       = "10.1016/j.apal.2012.01.012",
}

@article{rathjen14-czf-lpo,
  author    = "Rathjen, Michael",
  title     = "Constructive {Zermelo}--{Fraenkel} set theory and the limited principle of omniscience",
  journal   = apal,
  volume    = "165",
  number    = "2",
  year      = "2014",
  pages     = "563--572",
  publisher = "Elsevier",
  doi       = "10.1016/j.apal.2013.08.001",
}

@article{rathjen14-power-kp,
  author    = "Rathjen, Michael",
  title     = "Relativized ordinal analysis: The case of Power {Kripke}--{Platek} set theory",
  journal   = apal,
  volume    = "165",
  number    = "1",
  year      = "2014",
  pages     = "316--339",
  publisher = "Elsevier",
  doi       = "10.1016/j.apal.2013.07.016",
}

@article{rathjen14-well-ordering-principles,
  author    = "Rathjen, Michael and Valencia Vizca\'ino, Pedro Francisco",
  title     = "Well ordering principles and bar induction",
  year      = "2014",
  publisher = "arXiv",
  eprint    = "arXiv:1405.4485 [math.LO]",
}

@article{rathjen20-power-kp-choice,
  author  = "Rathjen, Michael",
  title   = "Power {Kripke}--{Platek} set theory and the axiom of choice",
  journal = "Journal of Logic and Computation",
  volume  = "30",
  number  = "1",
  year    = "2020",
  pages   = "447--457",
  doi     = "10.1093/logcom/exaa020",
}

@incollection{rathjen22-well-ordering-principles,
  author   = "Rathjen, Michael",
  title    = "Well-Ordering Principles in Proof Theory and Reverse Mathematics",
  crossref = "axiomatic-thinking22",
  pages    = "89--127",
  doi      = "10.1007/978-3-030-77799-9_4",
}

@article{rathjen23-strength-of-theories,
  author    = "Rathjen, Michael",
  title     = "The Art of Measuring the Strength of Theories",
  journal   = ams-notices,
  volume    = "70",
  number    = "7",
  year      = "2023",
  pages     = "1071--1079",
  publisher = ams,
  doi       = "10.1090/noti2733",
}

@incollection{rathjen23-cst,
  author   = "Rathjen, Michael",
  title    = "An Introduction to Constructive Set Theory: An Appetizer",
  crossref = "constructive-maths23",
  pages    = "20--60",
  doi      = "10.1017/9781009039888.003",
}

@article{rathjen23-ep-intuitionistic-set-theory,
  author  = "Rathjen, Michael",
  title   = "Ordinal analysis and the set existence property for intuitionistic set theories",
  journal = "Philosophical Transactions of the {Royal Society} {A}: Mathematical, Physical and Engineering Sciences",
  volume  = "381",
  number  = "2248",
  year    = "2023",
  note    = "Article: 20220019",
  doi     = "10.1098/rsta.2022.0019",
}

@article{rathjen-weiermann93-kruskal-theorem,
  author    = "Rathjen, Michael and Weiermann, Andreas",
  title     = "Proof-theoretic investigations on {Kruskal}'s theorem",
  journal   = apal,
  volume    = "60",
  number    = "1",
  year      = "1993",
  pages     = "49--88",
  publisher = "Elsevier",
  doi       = "10.1016/0168-0072(93)90192-g",
}

@phdthesis{reinhardt67-thesis,
  author = "Reinhardt, William Nelson",
  title  = "Topics in the Metamathematics of Set Theory",
  year   = "1967",
  school = "University of California, Berkeley",
}

@incollection{ressayre87-zf-models,
  author   = "Ressayre, Jean-Pierre",
  title    = "Mod\`eles non Standard et Sous-Syst\`emes Remarquables de {ZF}",
  crossref = "modeles-non-standard87",
  pages    = "47--147",
}

@incollection{ressayre87-,
  author   = "Ressayre, Jean-Pierre",
  title    = "Non Standard Universes with Strong Embeddings, and Their Finite Approximations",
  crossref = "logic-combi85",
  pages    = "333--358",
}

@inproceedings{richter-aczel74-reflecting-ordinals,
  author   = "Richter, Wayne and Aczel, Peter",
  title    = "Inductive Definitions and Reflecting Properties of Admissible Ordinals",
  crossref = "recursion-theory-oslo72",
  pages    = "301-381",
  doi      = "10.1016/s0049-237x(08)70592-5",
}

@article{rittberg15-woodin,
  author  = "Rittberg, Colin Jakob",
  title   = "How {Woodin} changed his mind: new thoughts on the Continuum Hypothesis",
  journal = "Archive for History of Exact Sciences",
  volume  = "69",
  number  = "2",
  year    = "2015",
  pages   = "125--151",
  doi     = "10.1007/s00407-014-0142-8",
}

@article{schimmerling01-mice,
  author    = "Schimmerling, Ernest",
  title     = "THE {ABC}'S of Mice",
  journal   = bsl,
  volume    = "7",
  number    = "4",
  year      = "2001",
  pages     = "485--503",
  publisher = "Cambridge University Press",
  doi       = "10.2307/2687795",
}

@incollection{schwichtenberg77-cut-elimination,
  author   = "Schwichtenberg, Helmut",
  title    = "Proof Theory: Some Applications of Cut-Elimination",
  crossref = "handbook-logic77",
  pages    = "867--895",
  doi      = "10.1016/s0049-237x(08)71124-8",
}

@article{seidenberg58-lefschetz-principle,
  author    = "Seidenberg, Abraham",
  title     = "Comments on {Lefschetz}'s Principle",
  journal   = "The {American} Mathematical Monthly",
  volume    = "65",
  number    = "9",
  year      = "1958",
  pages     = "685--690",
  publisher = "Taylor \& Francis",
  doi       = "10.1080/00029890.1958.11991979",
}

@article{shafer-terwijn21-pca-ordinal-analysis,
  author    = "Shafer, Paul and Terwijn, Sebastiaan A.",
  title     = "Ordinal analysis of partial combinatory algebras",
  journal   = jsl,
  volume    = "86",
  number    = "3",
  year      = "2021",
  pages     = "1154--1188",
  publisher = "Cambridge University Press",
  doi       = "10.1017/jsl.2021.50",
}

@book{shapiro20-thinking-about-maths,
  author    = "Shapiro, Stewart",
  title     = "Thinking about Mathematics: The Philosophy of Mathematics",
  year      = "2000",
  publisher = "Oxford University Press",
}

@article{shelah84-solovays-inaccessible,
  author  = "Shelah, Saharon",
  title   = "Can you take {Solovay}'s inaccessible away?",
  journal = "{Israel} Journal of Mathematics",
  volume  = "48",
  number  = "1",
  year    = "1984",
  pages   = "1--47",
  doi     = "10.1007/bf02760522",
}

@article{shelah-woodin90-lebesgue-measurable,
  author  = "Shelah, Saharon and Woodin, William Hugh",
  title   = "Large cardinals imply that every reasonably definable set of reals is lebesgue measurable",
  journal = "{Israel} Journal of Mathematics",
  year    = "1990",
  volume  = "70",
  number  = "3",
  pages   = "381--394",
  doi     = "10.1007/bf02801471",
}

@book{shoenfield67-logic,
  author    = "Shoenfield, Joseph Robert",
  title     = "Mathematical logic",
  edition   = "1",
  year      = "1967",
  series    = "{Addison--Wesley} Series in Logic",
  publisher = "Addison--Wesley Pub.\ Co.",
}

@article{shore23-atha,
  author    = "Shore, Richard Arnold",
  title     = "Almost theorems of hyperarithmetic analysis",
  journal   = jsl,
  volume    = "88",
  number    = "2",
  year      = "2023",
  pages     = "664--696",
  publisher = "Cambridge University Press",
  doi       = "10.1017/jsl.2022.58",
}

@article{sierpinski1928-mesure-nulle,
  author  = "Sierpi\'nski, Wac{\l}aw Franciszek",
  title   = "Sur un ensemble non d\'enombrable, dont toute image continue est de mesure nulle",
  journal = "Fundamenta Mathematicae",
  volume  = "11",
  number  = "1",
  year    = "1928",
  pages   = "302--304",
}

@inproceedings{simpson78-admissible-recursion-theory,
  author   = "Simpson, Stephen George",
  title    = "Short Course on Admissible Recursion Theory",
  crossref = "recursion-theory-oslo77",
  doi      = "10.1016/s0049-237x(08)70941-8",
}

@inproceedings{simpson82-atr-set-theory,
  author   = "Simpson, Stephen George",
  title    = "Set Theoretic Aspects of $\textrm{ATR}_0$",
  crossref = "logic80",
  pages    = "255--271",
  doi      = "10.1016/s0049-237x(09)70515-4",
}

@book{simpson09-soa,
  author    = "Simpson, Stephen George",
  title     = "Subsystems of Second Order Arithmetic",
  edition   = "2",
  year      = "2009",
  series    = "Perspectives in Logic",
  publisher = "Cambridge University Press",
}

@article{solovay70-lebesgue-measurable,
  author  = "Solovay, Robert Martin",
  title   = "A Model of Set-Theory in Which Every Set of Reals is {Lebesgue} Measurable",
  journal = "Annals of Mathematics, Second Series",
  volume  = "92",
  number  = "1",
  year    = "1970",
  pages   = "1--56",
  doi     = "10.2307/1970696",
}

@phdthesis{stegert10-thesis,
  author = "Stegert, Jan-Carl",
  title  = "Ordinal Proof Theory of {Kripke}--{Platek} Set Theory Augmented by Strong Reflection Principles",
  year   = "2010",
  school = "Westf{\"a}lische Wilhelms-Universit{\"a}t M{\"u}nster",
}

@article{streicher13-krivine-realisability,
  author    = "Streicher, Thomas",
  title     = "{Krivine}'s classical realisability from a categorical perspective",
  journal   = "Mathematical Structures in Computer Science",
  volume    = "23",
  number    = "6",
  year      = "2013",
  pages     = "1234--1256",
  publisher = "Cambridge University Press",
  doi       = "10.1017/s0960129512000989",
}

@article{suslin1917-measurable-sets,
  author  = "Souslin, Mikhail Yakovlevich",
  title   = "Sur une d\'efinition des ensembles mesurables {B} sans nombres transfinis",
  journal = "Comptes Rendus Hebdomadiares des S\'eances de {l'Acad\'emie des Sciences}",
  volume  = "164",
  year    = "1917",
  pages   = "88--91",
}

@article{suzuki-yokoyama24-atr,
  author    = "Suzuki, Yudai and Yokoyama, Keita",
  title     = "Searching problems above arithmetical transfinite recursion",
  journal   = apal,
  volume    = "175",
  number    = "10",
  year      = "2024",
  note      = "Article: 103488",
  publisher = "Elsevier",
  doi       = "10.1016/j.apal.2024.103488",
}

@article{speissegger99-pfaffian-closure,
  author  = "Speissegger, Patrick",
  title   = "The {Pfaffian} closure of an o-minimal structure",
  journal = "Journal f{\"u}r die reine und angewandte Mathematik",
  volume  = "508",
  year    = "1999",
  pages   = "189--211",
  doi     = "10.1515/crll.1999.508.189",
}

@inproceedings{tait68-derivability,
  author   = "Tait, William Walker",
  title    = "Normal derivability in classical logic",
  crossref = "infinitary-languages68",
  pages    = "204--236",
  doi      = "10.1007/bfb0079691",
}

@incollection{tait05-cardinals-from-below,
  author   = "Tait, William Walker",
  title    = "Constructing Cardinals from Below",
  crossref = "tait05-pure-reason",
  pages    = "133-154",
}

@book{takeuti78-applications-of-logic,
  author    = "Takeuti, Gaisi",
  title     = "Two Applications of Logic to Mathematics",
  year      = "1978",
  series    = "Publications of the {Mathematical Society of Japan}",
  publisher = "Princeton University Press",
}

@phdthesis{tasistro97-thesis,
  author = "Tasistro, \'Alvaro",
  title  = "Substitution, record types and subtyping in type theory, with applications to the theory of programming",
  year   = "1997",
  school = "University of Gothenburg",
}

@article{taylor96-intuitionistic-ordinals,
  author    = "Taylor, Paul",
  title     = "Intuitionistic sets and ordinals",
  journal   = jsl,
  volume    = "61",
  number    = "3",
  year      = "1996",
  pages     = "705--744",
  publisher = "Cambridge University Press",
  doi       = "10.2307/2275781",
}

@article{uftring23-effective-transfinite-recursion,
  author    = "Uftring, Patrick",
  title     = "Weak and strong versions of Effective Transfinite Recursion",
  journal   = apal,
  volume    = "174",
  number    = "4",
  year      = "2023",
  note      = "Article: 103232",
  publisher = "Elsevier",
  doi       = "10.1016/j.apal.2022.103232",
}

@article{wang58-foundational-studies,
  author  = "Wang, Hao",
  title   = "Eighty years of foundational studies",
  journal = "Dialectica",
  volume  = "12",
  number  = "3--4",
  year    = "1958",
  pages   = "466--497",
  doi     = "10.1111/j.1746-8361.1958.tb01476.x",
}

@incollection{wang77-large-sets,
  author   = "Wang, Hao",
  title    = "Large Sets",
  crossref = "logic77",
  pages    = "309--333",
  doi      = "10.1007/978-94-010-1138-9_17",
}

@inproceedings{washburn-weirich03-bgb-hoas,
  author   = "Washburn, Geoffrey and Weirich, Stephanie",
  title    = "Boxes Go Bananas: Encoding Higher-Order Abstract Syntax with Parametric Polymorphism",
  crossref = "acm-icfp03",
  pages    = "249--262",
  doi      = "10.1145/944746.944728",
}

@article{weaver05-j2,
  author    = "Weaver, Nik",
  title     = "Analysis in {$J_2$}",
  year      = "2005",
  publisher = "arXiv",
  eprint    = "arXiv:math/0509245 [math.LO]",
}

@article{weaver05-conceptualism,
  author    = "Weaver, Nik",
  title     = "Mathematical conceptualism",
  year      = "2005",
  publisher = "arXiv",
  eprint    = "arXiv:math/0509246 [math.LO]",
}

@article{weaver09-cm,
  author    = "Weaver, Nik",
  title     = "Axiomatizing mathematical conceptualism in third order arithmetic",
  year      = "2009",
  publisher = "arXiv",
  eprint    = "arXiv:0905.1675 [math.HO]",
}

@article{weaver09-predicativity,
  author    = "Weaver, Nik",
  title     = "Predicativity beyond {$\Gamma_0$}",
  year      = "2009",
  publisher = "arXiv",
  eprint    = "arXiv:math/0509244 [math.LO]",
}

@book{weibel94-homological-algebra,
  author    = "Weibel, Charles A.",
  title     = "An Introduction to Homological Algebra",
  year      = "1994",
  series    = "Cambridge Studies in Advanced Mathematics",
  publisher = "Cambridge University Press",
  doi       = "10.1017/cbo9781139644136",
}

@book{whyburn64-topological-analysis,
  author    = "Whyburn, Gordon Thomas",
  title     = "Topological Analysis",
  edition   = 2,
  year      = "1964",
  series    = "{Princeton} Mathematical Series",
  publisher = "Princeton University Press",
}

@article{wilkie96-pfaffian-model-completeness,
  author    = "Wilkie, Alex J.",
  title     = "Model completeness results for expansions of the ordered field of real numbers by restricted {Pfaffian} functions and the exponential function.",
  journal   = ams-journal,
  volume    = "9",
  number    = "4",
  year      = "1996",
  pages     = "1051--1094",
  publisher = ams,
  doi       = "10.1090/s0894-0347-96-00216-0",
}

@phdthesis{woerheide96-thesis,
  author = "Woerheide, Arthur",
  title  = "O-minimal homology",
  year   = "1996",
  school = "University of Illinois at Urbana-Champaign",
}

@book{woodin99-determinacy,
  author    = "Woodin, William Hugh",
  title     = "The Axiom of Determinacy, Forcing Axioms, and the Nonstationary Ideal",
  year      = "1999",
  series    = "{De Gruyter} Series in Logic and Its Applications",
  publisher = "De Gruyter",
  doi       = "10.1515/9783110804737",
}

@book{woodin10-determinacy,
  author    = "Woodin, William Hugh",
  title     = "The Axiom of Determinacy, Forcing Axioms, and the Nonstationary Ideal",
  edition   = "2",
  year      = "2010",
  series    = "{De Gruyter} Series in Logic and Its Applications",
  publisher = "De Gruyter",
  doi       = "10.1515/9783110213171",
}

-- collections --

@book{theory-of-games53,
  editor    = "Kuhn, Harold William and Tucker, Albert William",
  booktitle = "Contributions to the Theory of Games ({AM-28}), Volume {II}",
  year      = "1953",
  series    = "Annals of Mathematics Studies",
  publisher = "Princeton University Press",
  doi       = "10.1515/9781400881970",
}

@proceedings{categorical-algebra66,
  editor    = "Eilenberg, Samuel and Harrison, David Kent and Mac Lane, Saunders and R{\"o}hrl, Helmut",
  booktitle = "Proceedings of the {Conference on Categorical Algebra}",
  year      = "1966",
  publisher = "Springer Berlin, Heidelberg",
  doi       = "10.1007/978-3-642-99902-4",
}

@proceedings{buffalo68,
  editor    = "Kino, Akiko and Myhill, John and Vesley, Richard Eugene",
  booktitle = "Intuitionism and Proof Theory: Proceedings of the Summer Conference at {Buffalo}, {N.Y.}, 1968",
  year      = "1970",
  series    = "Studies in Logic and the Foundations of Mathematics",
  publisher = "North-Holland",
}

@proceedings{infinitary-languages68,
  editor    = "Barwise, Jon",
  booktitle = "The Syntax and Semantics of Infinitary Languages",
  year      = "1968",
  series    = "Lecture Notes in Mathematics",
  publisher = "Springer Berlin, Heidelberg",
  doi       = "10.1007/bfb0079679",
}

@book{london70,
  editor    = "Hodges, Wilfrid",
  booktitle = "Conference in Mathematical Logic - {London} '70",
  year      = "1972",
  series    = "Lecture Notes in Mathematics",
  publisher = "Springer Berlin, Heidelberg",
  doi       = "10.1007/bfb0059533",
}

@proceedings{scandinavian71,
  editor    = "Fenstad, Jens Erik",
  booktitle = "Proceedings of the Second {Scandinavian} Logic Symposium",
  year      = "1971",
  series    = "Studies in Logic and the Foundations of Mathematics",
  publisher = "North-Holland",
}

@proceedings{recursion-theory-oslo72,
  editor    = "Fenstad, Jens Erik and Hinman, Peter Greayer",
  booktitle = "Generalized Recursion Theory: Proceedings of the 1972 {Oslo} Symposium",
  year      = "1974",
  series    = "Studies in Logic and the Foundations of Mathematics",
  publisher = "North-Holland",
}

@proceedings{ams-symposia-set-theory74,
  editor    = "Jech, Thomas J.",
  booktitle = "Axiomatic Set Theory, Part 2",
  volume    = "13",
  year      = "1974",
  series    = "Proceedings of Symposia in Pure Mathematics",
  publisher = ams,
  doi       = "10.1090/pspum/013.2",
}

@proceedings{oulo74-helsinki75,
  editor    = "Miettinen, Seppo and V{\"a}{\"a}n{\"a}nen, Jouko",
  booktitle = "Proceedings of the Symposiums on Mathematical Logic in {Oulo} 1974 and in {Helsinki} 1975",
  year      = "1977",
}

@book{sets75,
  editor    = "Hajnal, Andras and Rado, Richard and S\'os, Vera T.",
  booktitle = "Infinite and finite sets: to {Paul Erd\H{o}s} on his 60th birthday",
  year      = "1975",
  series    = "Colloquia Mathematica Societatis {J\'anos Bolyai}",
  publisher = "North-Holland",
}

@proceedings{algebra-logic75,
  editor    = "Crossley, John Newsome",
  booktitle = "Algebra and Logic: Papers from the 1974 Summer Research Institute of the {Australian Mathematical Society}, {Monash University}, {Australia}",
  year      = "1975",
  series    = "Lecture Notes in Mathematics",
  publisher = "Springer Berlin, Heidelberg",
  doi       = "10.1007/bfb0062849",
}

@proceedings{logic77,
  editor    = "Butts, Robert E. and Hintikka, Jaakko",
  booktitle = "Logic, Foundations of Mathematics, and Computability Theory: Part One of the Proceedings of the {Fifth International Congress of Logic, Methodology and Philosophy of Science}, {London}, {Ontario}, {Canada}-1975",
  year      = "1977",
  series    = "The {Western Ontario} Series in Philosophy of Science",
  publisher = "Springer Dordrecht",
  doi       = "10.1007/978-94-010-1138-9",
}

@book{handbook-logic77,
  editor    = "Barwise, Jon",
  booktitle = "Handbook of mathematical logic",
  year      = "1977",
  series    = "Studies in Logic and the Foundations of Mathematics",
  publisher = "North-Holland",
}

@proceedings{recursion-theory-oslo77,
  editor    = "Fenstad, Jens Erik and Gandy, Robin Oliver and Sacks, Gerald Enoch",
  booktitle = "Generalized Recursion Theory {II}: Proceedings of the 1977 {Oslo} Symposium",
  year      = "1978",
  series    = "Studies in Logic and the Foundations of Mathematics",
  publisher = "North-Holland",
}

@book{Konstruktionen-positionen78,
  editor    = "Lorenz, Kuno",
  booktitle = "{Konstruktionen} versus {Positionen}",
  year      = "1978",
  publisher = "De Gruyter",
  doi       = "10.1515/9783110875560",
}

@proceedings{logic80,
  editor    = dv-dalen # " and Lascar, Daniel and Smiley, T.{\ }J.",
  booktitle = "Logic Colloquium '80",
  year      = "1982",
  series    = "Studies in Logic and the Foundations of Mathematics",
  publisher = "North-Holland",
}

@book{id-proof-theory81,
  author    = "Buchholz, Wilfried and Feferman, Solomon and Pohlers, Wolfram and Sieg, Wilfried",
  booktitle = "Iterated Inductive Definitions and Subsystems of Analysis: Recent Proof-Theoretical Studies",
  year      = "1981",
  series    = "Lecture Notes in Mathematics",
  publisher = "Springer Berlin, Heidelberg",
  doi       = "10.1007/bfb0091894",
}

@proceedings{computation-proof-theory84,
  editor    = "B{\"o}rger, Egon and Oberschelp, Walter and Richter, Michael M. and Schinzel, Brigitta and Thomas, Wolfgang",
  booktitle = "Computation and Proof Theory",
  year      = "1984",
  series    = "Lecture Notes in Mathematics",
  publisher = "Springer Berlin, Heidelberg",
  doi       = "10.1007/bfb0099476",
}

@proceedings{logic84,
  editor    = "Paris, Jeffrey B. and Wilkie, Alex J. and Wilmers, George M.",
  booktitle = "Logic Colloquium '84",
  year      = "1986",
  series    = "Studies in Logic and the Foundations of Mathematics",
  publisher = "North-Holland",
}

@proceedings{logic-combi85,
  editor    = "Simpson, Stephen George",
  booktitle = "Logic and Combinatorics: Proceedings of the {AMS-IMS-SIAM} Joint Summer Research Conference Held {August} 4--10, 1985",
  year      = "1987",
  series    = "Contemporary Mathematics",
  publisher = ams,
}

@book{modeles-non-standard87,
  author    = "Ressayre, Jean-Pierre and Wilkie, Alex J.",
  booktitle = "Mod\`eles non Standard en Arithm\'etique et th\'eorie des Ensembles",
  year      = "1987",
  series    = "Publications Math\'ematiques de {l'Universit\'e Paris} {VII}",
}

@book{godel-collected-works-ii89,
  editor    = "Feferman, Solomon and Dawson, Jr., John William and Kleene, Stephen Cole and Moore, Gregory H. and Solovay, Robert Martin and van Heijenoort, Jean",
  booktitle = "{Kurt G\"odel} Collected Works Volume {II}: Publications 1938--1974",
  year      = "1989",
  publisher = "Oxford University Press",
}

@book{leeds90,
  editor    = "Aczel, Peter and Simmons, Harold and Wainer, Stanley Scott",
  booktitle = "Proof Theory: A selection of papers from the {Leeds Proof Theory Programme} 1990",
  year      = "1993",
  publisher = "Cambridge University Press",
  doi       = "10.1017/cbo9780511896262",
}

@proceedings{popl90,
  organization = acm,
  booktitle    = "{POPL} '90: Proceedings of the 17th {ACM} {SIGPLAN-SIGACT} symposium on Principles of programming languages",
  year         = "1989",
}

@proceedings{csl91,
  editor    = "B{\"o}rger, Egon and J{\"a}ger, Gerhard and Kleine B{\"u}ning, Hans and Richter, Michael M.",
  booktitle = "Computer Science Logic: 5th Workshop, {CSL} '91, {Berne}, {Switzerland}, {October} 7--11, 1991.\ Proceedings",
  year      = "1992",
  series    = "Lecture Notes in Computer Science",
  publisher = "Springer Berlin, Heidelberg",
  doi       = "10.1007/bfb0023753",
}

@book{logical-methods93,
  editor    = "Crossley, John Newsome and Remmel, Jeffrey Brian and Shore, Richard Arnold and Sweedler, Moss Eisenberg",
  booktitle = "Logical Methods: In Honor of {Anil Nerode}'s Sixtieth Birthday",
  year      = "1993",
  publisher = "Birkh{\"a}user Boston",
  doi       = "10.1007/978-1-4612-0325-4",
}

@proceedings{logic95,
  editor    = "Makowsky, Johann Andreas and Ravve, Elena V.",
  booktitle = "Logic Colloquium '95: Proceedings of the Annual {European} Summer Meeting of the {Association of Symbolic Logic}, held in {Haifa}, {Israel}, {August} 9--18, 1995",
  year      = "2017",
  series    = "Lecture Notes in Logic",
  publisher = "Cambridge University Press",
  doi       = "10.1017/9781316716830",
}

@book{godel-collected-works-iii95,
  editor    = "Feferman, Solomon and Dawson, Jr., John William and Goldfarb, Warren and Parsons, Charles and Solovay, Robert Martin",
  booktitle = "{Kurt G\"odel} Collected Works Volume {III}: Unpublished Essays and Lectures",
  year      = "1995",
  publisher = "Oxford University Press",
}

@book{logical-empiricism96,
  editor    = "Giere, Ronald N. and Richardson, Alan W.",
  booktitle = "Origins of Logical Empiricism",
  year      = "1996",
  series    = "{Minnesota} Studies in the Philosophy of Science",
  publisher = "University of Minnesota Press",
}

@book{set-proofs99,
  editor    = "Cooper, S.{\ }Barry and Truss, John Kenneth",
  booktitle = "Sets and Proofs",
  year      = "1999",
  series    = lms-lecture,
  publisher = "Cambridge University Press",
  doi       = "10.1017/cbo9781107325944",
}

@proceedings{csl00,
  editor    = "Clote, Peter G. and Schwichtenberg, Helmut",
  title     = "Computer Science Logic: 14th International Workshop, {CSL} 2000 Annual Conference of the {EACSL} {Fischbachau}, {Germany}, {August} 21--26, 2000 Proceedings",
  year      = "2000",
  series    = "Lecture Notes in Computer Science",
  publisher = "Springer Berlin, Heidelberg",
  doi       = "10.1007/3-540-44622-2",
}

@book{reflections-feferman02,
  editor    = "Sieg, Wilfried and Sommer, Richard and Talcott, Carolyn",
  booktitle = "Reflections on the Foundations of Mathematics: Essays in Honor of {Solomon Feferman}",
  year      = "2002",
  series    = "Lecture Notes in Logic",
  publisher = "Cambridge University Press",
  doi       = "10.1017/9781316755983",
}

@proceedings{logic03,
  editor    = "Stoltenberg-Hansen, Viggo and V{\"a}{\"a}n{\"a}nen, Jouko",
  booktitle = "Logic Colloquium '03",
  year      = "2006",
  series    = "Lecture Notes in Logic",
  publisher = "Cambridge University Press",
  doi       = "10.1017/9781316755785",
}

@proceedings{lisbon-o-minimal03,
  editor    = "Edmundo, M\'ario Jorge and Richardson, Daniel and Wilkie, Alex J.",
  booktitle = "O-minimal Structures: Proceedings of the {RAAG} Summer School {Lisbon} 2003",
  year      = "2005",
  series    = "Lecture Notes in Real Algebraic and Analytic Geometry",
  publisher = "Cuvillier Verlag",
}

@proceedings{acm-icfp03,
  organization = acm,
  booktitle    = "{ICFP} '03: Proceedings of the Eighth {ACM} {SIGPLAN} {International Conference on Functional Programming}",
  year         = "2003",
  doi          = "10.1145/944705",
}

@book{barcelona-set-theory03-04,
  editor    = "Bagaria, Joan and Todorcevic, Stevo",
  booktitle = "Set Theory: {Centre de Recerca Matem\`atica Barcelona}, 2003--2004",
  year      = "2006",
  series    = "Trends in Mathematics",
  publisher = "Birkh{\"a}user Basel",
  doi       = "10.1007/3-7643-7692-9",
}

@book{tait05-pure-reason,
  author    = "Tait, William Walker",
  booktitle = "The Provenance of Pure Reason: Essays in the Philosophy of Mathematics and Its History",
  year      = "2005",
  series    = "Logic and Computation in Philosophy",
  publisher = "Oxford University Press",
}

@proceedings{icm06,
  editor    = "Sanz-Sol\'e, Marta and Soria, Javier and Varona, Juan Luis and Verdera, Joan",
  booktitle = "Proceedings of the {International Congress of Mathematicians}, {Madrid} 2006",
  year      = "2007",
  publisher = "European Mathematical Society",
}

@book{proof-computation06,
  editor    = "Schwichtenberg, Helmut and Spies, Katharina",
  booktitle = "Proof Technology and Computation",
  year      = "2006",
  series    = "{NATO} Science Series, {III}: Computer and Systems Sciences",
  publisher = "IOS Press",
}

@proceedings{acm-icfp08,
  organization = acm,
  booktitle    = "{ICFP} '08: Proceedings of the 13th {ACM} {SIGPLAN} {International Conference on Functional Programming}",
  year         = "2008",
  doi          = "10.1145/1411204",
}

@book{philosophy-of-maths09,
  editor    = "Bueno, Ot\'avio and Linnebo, {\O}ystein",
  booktitle = "New Waves in Philosophy of Mathematics",
  year      = "2009",
  series    = "New Waves in Philosophy",
  publisher = "Palgrave Macmillan London",
  doi       = "10.1057/9780230245198",
}

@book{metametaphysics09,
  editor    = "Chalmers, David and Manley, David and Wasserman, Ryan",
  booktitle = "Metametaphysics: New Essays on the Foundations of Ontology",
  year      = "2009",
  publisher = "Oxford University Press",
}

@proceedings{icm10,
  editor    = "Bhatia, Rajendra and Pal, Arup Kumal and Rangarajan, Govindan and Srinivas, Vasudevan and Vanninathan, Muthusamy",
  booktitle = "Proceedings of the {International Congress of Mathematicians} 2010 ({ICM} 2010)",
  year      = "2011",
  publisher = "Hindustan Book Agency",
  doi       = "10.1142/7920",
}

@book{proof-theory10,
  editor    = "Schindler, Ralf",
  booktitle = "Ways of Proof Theory",
  year      = "2010",
  series    = "Ontos Mathematical Logic",
  publisher = "De Gruyter",
  doi       = "10.1515/9783110324907",
}

@book{set-theory10,
  editor    = "Foreman, Matthew and Kanamori, Akihiro",
  booktitle = "Handbook of Set Theory",
  year      = "2010",
  publisher = "Springer Dordrecht",
  doi       = "10.1007/978-1-4020-5764-9",
}

@proceedings{acm-icfp11,
  organization = acm,
  booktitle    = "{ICFP} '11: Proceedings of the 16th {ACM} {SIGPLAN} {international Conference on Functional Programming}",
  year         = "2011",
  doi          = "10.1145/2034773",
}

@book{logic12,
  editor    = "Berger, Ulrich and Diener, Hannes and Schuster, Peter and Seisenberger, Monika",
  booktitle = "Logic, Construction, Computation",
  year      = "2012",
  series    = "Ontos Mathematical Logic",
  publisher = "De Gruyter",
  doi       = "10.1515/9783110324921",
}

@book{monk12-logic,
  author    = "Monk, James Donald",
  booktitle = "Mathematical Logic",
  year      = "2012",
  series    = "Graduate Texts in Mathematics",
  publisher = "Springer New York, NY",
  doi       = "10.1007/978-1-4684-9452-5",
}

@book{epistemology-ontology12,
  editor    = "Dybjer, Peter and Lindstr{\"o}m, Sten and Palmgren, Erik and Sundholm, G{\"o}ran",
  booktitle = "Epistemology versus Ontology: Essays on the Philosophy and Foundations of Mathematics in Honour of {Per Martin-L\"of}",
  year      = "2012",
  publisher = "Springer Dordrecht",
  doi       = "10.1007/978-94-007-4435-6",
}

@collection{sep14,
  editor    = "Zalta, Edward Nouri",
  booktitle = "The {Stanford} Encyclopedia of Philosophy",
  year      = "2014",
  edition   = "Spring 2014 edition",
  publisher = "Metaphysics Research Lab, Stanford University",
}

@book{proof-theory16,
  editor    = "Kahle, Reinhard and Strahm, Thomas and Studer, Thomas",
  booktitle = "Advances in Proof Theory",
  year      = "2016",
  series    = "Progress in Computer Science and Applied Logic",
  publisher = "Birkh{\"a}user Cham",
  doi       = "10.1007/978-3-319-29198-7",
}

@book{model-theory-fields17,
  author    = "Marker, David E. and Messmer, Margit and Pillay, Anand",
  booktitle = "Model Theory of Fields",
  year      = "2017",
  series    = "Lecture Notes in Logic",
  publisher = "Cambridge University Press",
  doi       = "10.1017/9781316716991",
}

@proceedings{eacsl20,
  editor    = "Fern\'andez, Maribel and Muscholl, Anca",
  booktitle = "28th {EACSL} Annual Conference on Computer Science Logic",
  year      = "2020",
  series    = "{Leibniz} International Proceedings in Informatics",
  publisher = "Schloss Dagstuhl -- Leibniz-Zentrum f{\"u}r Informatik",
  doi       = "10.4230/lipics.csl.2020",
}

@proceedings{lics21,
  organization = acm,
  booktitle    = "{LICS} '21: Proceedings of the 36th Annual {ACM}/{IEEE} Symposium on Logic in Computer Science",
  year         = "2021",
}

@book{axiomatic-thinking22,
  editor    = "Ferreira, Fernando and Kahle, Reinhard and Sommaruga, Giovanni",
  booktitle = "Axiomatic Thinking {II}",
  year      = "2022",
  publisher = "Springer Cham",
  doi       = "10.1007/978-3-030-77799-9",
}

@collection{constructive-maths23,
  editor    = "Bridges, Douglas and Ishihara, Hajime and Rathjen, Michael and Schwichtenberg, Helmut",
  booktitle = "Handbook of Constructive Mathematics",
  year      = "2023",
  series    = "Encyclopedia of Mathematics and its Applications",
  publisher = "Cambridge University Press",
  doi       = "10.1017/9781009039888",
}
